1961 3047
207 253 285 288 Q-

352 176 379 211 8
865 188 910 220 P.
949 188 1155 221 wantum
1193 189 1415 221 MARoms

352 300 363 319 '
419 314 566 351 rgora
590 300 838 355 deripiunt
865 303 1016 344 costis
1038 308 1085 344 et
1109 303 1300 346 viscera
1323 301 1544 358 nudant3

353 376 478 419 Pars
501 375 553 419 in'
577 377 740 420 frusta
765 383 937 421 secant
961 376 1252 431 veribusque
1274 379 1538 421 trementia
1558 377 1720 432 figunt
1742 394 1751 435 ;

354 453 523 497 Litore
546 467 670 497 aena
693 453 862 496 locant
886 453 990 508 alii,
1018 452 1342 508 flammasque
1372 455 1678 498 ministrant.

353 528 477 588 Tum
501 530 637 571 victu
659 534 897 572 revocant
919 530 1065 582 vires⁷
1098 529 1292 583 fusique
1314 544 1397 584 per
1420 528 1622 573 herbam

357 604 630 659 Implentur
653 607 836 649 veteris
858 605 1047 648 Bacchi
1070 607 1363 660 pinguisque
1386 606 1587 650 ferinae.

356 682 625 736 Postquam
647 688 875 735 exempta
898 681 1056 726 fames
1078 682 1237 736 epulis
1261 697 1555 737 mensaeque
1574 690 1804 735 remotae,

357 759 583 801 Amissos
604 757 754 811 longo
777 758 938 802 socios
961 771 1186 801 sermone
1206 759 1480 812 requirunt,

357 834 591 889 Spemque
617 840 899 888 metumque
920 835 1050 876 inter
1073 833 1225 888 dubii,
1255 849 1340 878 seu
1363 834 1530 878 vivere
1550 833 1767 882 credant,

358 911 469 955 Sive
489 919 708 954 extrema
731 912 836 965 pati
858 925 946 953 nec
968 909 1069 964 jam
1092 910 1325 954 exaudire
1346 915 1563 955 vocatos.

358 988 623 1041 Praecipue
644 987 755 1041 pius
777 986 968 1030 Aeneas
991 1001 1124 1030 nunc
1147 989 1275 1031 acris
1300 986 1491 1041 Oronti,

358 1065 502 1107 Nunc
527 1063 704 1115 Amyci
725 1077 896 1106 casum
919 1064 1072 1115 gemit
1094 1068 1143 1106 et
1166 1062 1386 1106 crudelia
1409 1077 1574 1107 secum

360 1141 487 1184 Fata
509 1139 646 1192 Lyci,
678 1138 950 1193 fortemque
973 1138 1135 1192 Gyan,
1165 1138 1437 1193 fortemque
1459 1137 1777 1183 Cloanthum.

420 1216 486 1259 Et
508 1215 609 1270 jam
632 1214 747 1259 finis
767 1221 889 1268 erat,
920 1229 1033 1258 cum
1056 1213 1289 1270 Juppiter
1314 1214 1509 1259 aethere
1541 1228 1735 1258 summo

361 1292 639 1346 Despiciens
661 1304 797 1334 mare
816 1289 1085 1334 velivolum
1106 1296 1359 1345 terrasque
1379 1289 1597 1344 jacentes

360 1370 625 1423 Litoraque
643 1373 693 1413 et
715 1367 848 1412 latos
870 1367 1090 1423 populos,
1121 1369 1193 1411 sic
1215 1369 1399 1411 vertice
1420 1366 1543 1410 caeli

363 1446 616 1498 Constitit,
644 1450 692 1489 et
714 1444 905 1497 Libyae
928 1443 1100 1487 defixit
1123 1443 1315 1487 lumina
1337 1444 1518 1497 regnis.

363 1523 523 1577 Atque
545 1521 686 1564 illum
709 1520 834 1564 tales
857 1518 1131 1574 jactantem
1153 1526 1344 1573 pectore
1366 1534 1512 1564 curas

362 1597 572 1640 Tristior
594 1602 643 1640 et
666 1595 888 1638 lacrimis
911 1594 1079 1638 oculos
1104 1594 1291 1639 suffusa
1314 1596 1531 1638 nitentes

366 1673 648 1727 Alloquitur
672 1670 837 1714 Venus
859 1685 868 1713 ε
915 1669 982 1714 ‘O
1006 1672 1088 1725 qui
1111 1685 1187 1715 res
1207 1671 1557 1725 hominumque
1573 1667 1811 1722 deumque

366 1749 593 1799 Aeternis
613 1748 745 1803 regis
770 1747 1003 1799 imperiis,
1032 1752 1080 1789 et
1105 1745 1311 1789 fulmine
1332 1751 1499 1800 terres,

367 1824 494 1879 Quid
518 1838 654 1868 meus
677 1813 868 1866 Aeneas
892 1823 942 1864 in
966 1827 1014 1865 te
1038 1824 1347 1866 committere
1368 1826 1582 1876 tantum,

367 1900 495 1954 Quid
515 1900 664 1943 Troes
686 1907 898 1953 potuere,
928 1896 1118 1951 quibus,
1150 1903 1225 1940 tot
1249 1897 1423 1941 funera
1445 1898 1628 1952 passis,

367 1977 586 2022 cunctus
609 1974 668 2018 ob
691 1974 895 2018 Italiam
920 1980 1163 2017 terrarum
1187 1973 1437 2017 clauditur
1459 1972 1593 2017 orbis
1608 1971 1630 2015 ἶ)

367 2053 507 2098 Certe
528 2053 644 2094 hinc
665 2050 921 2094 Romanos
945 2049 1073 2104 olim,
1103 2049 1421 2094 volventibus
1443 2050 1604 2102 annis,

367 2130 500 2173 Hinc
524 2129 626 2172 fore
648 2128 890 2177 ductores,
920 2133 1154 2171 revocato
1178 2143 1206 2171 a
1231 2127 1473 2180 sanguine
1503 2126 1688 2179 Teucri,

367 2206 459 2261 Qui
484 2219 632 2260 mare⁷
660 2205 743 2259 qui
765 2209 926 2247 terras
948 2205 1083 2247 omni
1105 2201 1297 2247 dicione
1318 2208 1555 2257 tenerent,

368 2283 653 2326 Pollicitus:
691 2292 815 2334 quae
836 2286 894 2333 te,
925 2281 1132 2334 genitor,
1163 2280 1410 2324 sententia
1431 2277 1618 2322 vertit?

368 2358 476 2401 Hoc
496 2356 720 2412 equidem
743 2368 971 2398 occasum
995 2355 1169 2410 Trojae
1191 2357 1459 2409 tristesque
1479 2357 1651 2397 ruinas

368 2433 587 2488 Solabar,
618 2434 739 2476 fatis
762 2433 1016 2475 contraria
1040 2431 1147 2475 fata
1169 2430 1438 2486 rependens
1460 2445 1470 2486 ;

370 2510 513 2554 Nunc
535 2507 704 2552 eadem
726 2506 929 2550 fortuna
952 2509 1088 2551 viros
1111 2513 1185 2550 tot
1211 2505 1409 2551 casibus
1431 2509 1571 2549 actos

371 2586 669 2641 Insequitur.
737 2581 891 2636 Quem
915 2582 1005 2628 das
1028 2584 1188 2635 finem‚
1217 2598 1300 2628 rex
1323 2596 1516 2637 magne,
1544 2580 1767 2624 laborum
1784 2578 1806 2622 ⁶?

373 2664 596 2707 Antenor
617 2660 794 2716 potuit,
824 2658 1000 2705 mediis
1021 2660 1217 2714 elapsus
1240 2658 1464 2711 Achivis,

1843 605 1932 648 215

1843 986 1870 1027 [0

1875 985 1902 1027 Ν)

1906 984 1934 1026 0

1847 1363 1937 1406 225

1850 1741 1940 1784 230

1854 2123 1942 2165 235

1854 2502 1944 2545 240
