1961 3047
268 231 289 270 >1
781 242 823 274 P.
864 241 1070 273 mensum
1106 242 1140 272 M
1149 242 1174 272 Α
1183 241 1328 273 noxis

265 351 374 406 Qua
396 352 515 397 data
538 362 697 408 porta¹¹
729 362 875 397 ruunt
900 362 946 397 et
972 360 1130 398 terras
1153 354 1349 397 turbine
1371 354 1595 409 perflant.

267 429 537 473 Incubuere
557 432 698 484 mari,
731 437 983 484 totumque
1005 446 1034 473 a
1056 429 1254 474 sedibus
1276 432 1390 474 imis

265 505 381 549 Una
402 505 661 560 Eurusque
682 506 937 560 Notusque
957 512 1112 549 ruunt
1135 506 1391 560 creberque
1412 506 1637 560 procellis
1779 506 1838 549 85

263 580 481 631 Africus,
508 588 557 625 et·
579 587 754 626 vastos
775 581 988 626 volvunt
1009 581 1073 625 ad
1094 581 1247 625 litora
1267 580 1465 626 fluctus.

265 656 548 711 Insequitur
565 656 844 711 clamorque
864 659 1032 701 virum
1055 656 1334 712 stridorque
1354 656 1634 700 rudentum.

266 733 500 786 Eripiunt
522 733 690 777 subito
711 733 865 777 nubes
887 734 1171 786 caelumque
1191 731 1412 787 diemque

264 809 561 852 Teucrorum
583 824 643 853 ex
666 810 824 853 oculis
846 824 856 866 ;
892 817 1047 864 ponto
1069 824 1170 852 nox
1190 809 1393 852 incubat
1415 815 1542 854 atra.

264 884 526 929 Intonuere
545 885 661 940 poli,
689 891 739 929 et
760 885 947 930 crebris
969 888 1125 929 micat
1147 885 1346 938 ignibus
1369 886 1549 934 aether,
1780 885 1840 926 90

263 961 672 1016 praesentemque
692 964 817 1006 viris
840 964 1098 1006 intentant
1121 964 1290 1005 omnia
1310 970 1534 1005 mortem.

322 1037 583 1092 Extemplo
607 1040 799 1082 Aeneae
821 1039 1087 1082 solvuntur
1110 1038 1295 1092 frigore
1316 1038 1535 1082 membra
1557 1053 1567 1093 ;

262 1114 492 1169 Ingemit,
520 1121 569 1157 et
592 1113 812 1168 duplices
834 1113 1042 1159 tendens
1065 1113 1128 1158 ad
1151 1114 1315 1158 sidera
1335 1115 1527 1170 palmas

262 1190 403 1233 Talia
425 1205 544 1235 voce
565 1191 714 1234 refert
735 1206 744 1235 :
821 1193 830 1215 ‘
849 1190 888 1234 O
911 1196 1079 1245 terque
1098 1198 1364 1245 quaterque
1383 1190 1528 1244 beati,

264 1265 385 1319 Quis
407 1275 524 1310 ante
545 1280 632 1310 ora
654 1278 856 1320 patrum
878 1267 1053 1321 Trojae
1075 1266 1171 1311 sub
1191 1265 1445 1310 moenibus
1467 1266 1601 1320 altis,
1780 1263 1839 1307 95

263 1342 489 1396 Contigit
511 1343 765 1397 oppetere!
803 1343 843 1387 O
868 1343 1099 1386 Danaum
1120 1343 1397 1386 fortissime
1427 1343 1590 1395 gentis

261 1417 476 1470 Tydide!
524 1419 663 1462 Mene
685 1419 855 1463 Iliacis
877 1419 1164 1463 occumbere
1184 1420 1374 1472 campis

263 1495 372 1538 Non
397 1496 628 1548 potuisse,
657 1500 841 1548 tuaque
863 1496 1085 1537 animam
1108 1494 1240 1537 hanc
1260 1493 1506 1538 effundere
1538 1493 1726 1549 dextra,

265 1572 449 1615 Saevus
471 1570 556 1613 ubi
577 1569 821 1614 Aeacidae
842 1571 941 1614 telo
963 1569 1094 1625 jacet
1115 1569 1316 1624 Hector,
1346 1570 1428 1613 ubi
1453 1572 1631 1623 ingens

265 1646 531 1701 Sarpedon,
556 1645 642 1688 ubi
663 1651 738 1689 tot
763 1646 944 1690 Simois
965 1651 1192 1700 correpta
1215 1645 1307 1689 sub
1327 1645 1477 1688 undis
1750 1645 1838 1687 100

266 1724 415 1767 Scuta
437 1725 603 1766 virum
625 1722 888 1776 galeasque
907 1727 957 1765 et
980 1721 1138 1766 fortia
1158 1735 1366 1776 corpora
1387 1721 1549 1764 volvit
1565 1721 1612 1786 ‚93
1835 1724 1838 1727 '

322 1799 465 1843 Talia
486 1799 703 1853 jactanti
725 1797 943 1842 stridens
966 1798 1212 1853 Aquilone
1231 1798 1446 1853 procella

265 1877 439 1921 Velum
462 1877 672 1921 adversa
695 1875 826 1930 ferit,
854 1874 1134 1931 fluctusque
1164 1875 1229 1920 ad
1251 1876 1414 1920 sidera
1435 1875 1603 1919 tollit.-

264 1955 589 2009 Franguntur
610 1956 734 1998 remi
753 1969 763 2011 3
801 1960 912 1997 tum
934 1968 1082 2008 prora.
1105 1956 1304 2008 avertit,
1331 1959 1381 1997 et
1404 1952 1554 1996 undis

264 2031 362 2074 Dat
377 2031 510 2075 latus
531 2045 541 2087 3
568 2032 842 2085 insequitur
860 2031 1058 2073 cumulo
1073 2034 1372 2085 praeruptus
1387 2044 1539 2084 aquae
1552 2043 1711 2072 mons.
1750 2027 1837 2070 105

264 2107 330 2149 Hi
354 2122 545 2151 summo
566 2109 616 2149 in
640 2105 797 2149 fluctu
819 2106 1044 2161 pendent,
1074 2105 1156 2150 his
1177 2105 1312 2148 unda
1334 2105 1590 2150 dehiscens

263 2184 464 2227 Terram
488 2186 616 2226 inter
634 2181 817 2226 fluctus
838 2184 997 2236 aperit
1016 2196 1026 2237 3
1064 2181 1190 2226 furit
1212 2186 1380 2226 aestus
1401 2181 1615 2225 harenis.

263 2260 381 2303 Tres
402 2259 563 2303 Notus
586 2258 817 2312 abreptas
839 2259 892 2301 in
915 2273 1040 2302 saxa
1062 2257 1272 2302 latentia
1293 2263 1548 2312 torquet—

266 2336 397 2379 Saxa
418 2340 601 2379 vocant
624 2333 744 2377 Itali
767 2333 943 2379 mediis
966 2348 1092 2389 quae
1113 2336 1166 2377 in
1188 2332 1424 2379 fluctibus
1444 2333 1637 2377 Aras—

265 2412 476 2455 Dorsum
499 2412 718 2454 immane
741 2412 868 2454 mari
892 2425 1114 2467 summo3
1151 2415 1251 2455 tres
1273 2410 1439 2454 Eurus
1460 2408 1523 2452 ab
1546 2409 1648 2452 alto
1752 2408 1839 2450 110
1862 2428 1866 2432 -

266 2488 323 2530 In
347 2488 516 2531 brevia
537 2493 586 2531 et
610 2495 774 2540 syrtes
807 2494 1000 2542 urguet,
1030 2486 1314 2531 miserabile
1333 2488 1460 2538 visu,

266 2563 519 2618 Illiditque
538 2561 700 2617 vadis,
731 2569 875 2617 atque
897 2577 1076 2616 aggere
1097 2563 1254 2615 cingit
1276 2561 1503 2605 harenae.

268 2639 449 2695 Unam,
478 2653 604 2693 quae
624 2638 808 2691 Lycios
829 2638 1078 2692 fidumque
1099 2635 1308 2680 vehebat
1330 2635 1564 2680 Oronten.

268 2714 432 2770 Ipsius
453 2723 571 2759 ante
591 2715 762 2758 oculos
783 2715 960 2768 ingens
981 2728 1011 2757 a
1033 2715 1216 2757 vertice
1236 2717 1417 2767 pontus
