1961 3047
648 130 902 163 AENEIDos
934 131 1032 162 ΜΒ.
1073 131 1104 162 1.
1632 119 1658 160 9

89 243 313 295 Illyricos
335 249 588 296 penetrare
612 244 765 296 sinus,
797 250 939 297 atque
961 244 1140 286 intima
1164 246 1304 284 tutus

85 317 258 371 Regna
279 318 611 362 Liburnorum
634 327 682 362 et
706 319 893 363 fontem
919 328 1146 373 superare
1167 318 1375 370 Timavi,

95 393 230 438 Unde
250 408 332 448 per
355 409 441 437 ora
464 409 641 438 novem
665 402 810 439 vasto
833 410 944 438 curn
968 407 1220 437 murmure
1242 394 1428 437 montis
1570 392 1659 434 245

90 469 135 512 [t
157 484 292 514 mare
314 478 604 525 proruptum
627 480 675 515 et
698 471 872 526 pelago
895 472 1071 525 premit
1090 485 1212 513 arva
1236 471 1452 513 sonanti.

90 545 184 589 Hic
205 553 372 590 tamen
395 547 478 592 ille
499 547 669 591 urbem
694 548 877 591 Patavi
899 546 1129 602 sedesque
1152 546 1339 589 locavit

87 623 399 678 Teucrorum,
423 628 472 667 et
495 626 630 676 genti
654 638 828 667 nomen
854 622 1000 678 dedit,
1032 637 1265 676 armaque
1284 621 1395 665 fixit

89 699 248 753 Troia,
277 713 408 742 nunc
431 698 626 753 placida
649 709 931 753 compostus
953 713 1070 754 pace
1093 701 1302 753 quiescit
1322 713 1330 742 :

90 775 205 829 Nos,
234 780 322 818 tua
345 776 612 829 progenies,
641 776 763 820 caeli
786 776 962 829 quibus
997 774 1178 819 adnuis
1202 789 1376 830 arcem,
1572 774 1660 816 <230

91 849 638 894 Navibus—infandum
661 851 951 905 !—-amissis,
983 853 1134 895 unius
1159 849 1219 893 ob
1242 852 1368 894 iram

91 925 370 980 Prodimur,
399 933 544 981 atque
569 927 713 972 Italis
738 927 882 979 longe
906 926 1241 981 disjungimur
1265 929 1380 970 oris.

91 1002 188 1045 Hic
208 1004 411 1057 pietatis
435 1003 591 1047 honos
611 1003 632 1045 ἶ)
697 1004 776 1048 Sic
798 1018 887 1047 nos
913 1006 962 1046 in
988 1009 1181 1057 sceptra
1205 1003 1437 1057 reponis?

152 1078 250 1123 Olli
273 1079 532 1123 subridens
554 1079 810 1123 hominum
833 1088 968 1124 sator
992 1086 1135 1134 atque
1157 1079 1369 1133 deorum,
1400 1079 1402 1081 ’

95 1154 263 1210 Vultu,
290 1169 385 1209 quo
406 1156 593 1199 caelum
617 1163 1028 1210 tempestatesque
1051 1162 1259 1210 serenat,
1577 1154 1666 1196 2235

95 1228 276 1273 Oscula
297 1228 479 1274 libavit
497 1239 659 1285 natae,
692 1231 869 1276 dehinc
892 1231 1016 1275 talia
1040 1231 1175 1274 fatur
1194 1246 1202 1274 :

103 1306 284 1349 ‘Parce
304 1311 450 1359 metu,
479 1305 753 1362 Cytherea;
791 1316 993 1350 manent
1019 1309 1224 1349 immota
1246 1311 1445 1350 tuorum

95 1382 223 1425 Fata
242 1381 335 1424 tibi
354 1397 364 1436 ;
401 1396 568 1426 cernes
589 1382 757 1426 urbem
779 1390 828 1426 et
849 1384 1095 1437 promissa
1118 1382 1301 1426 Lavini

94 1457 301 1511 Moenia,
332 1457 684 1512 subIImemque
706 1458 832 1503 feres
854 1458 918 1502 ad
941 1446 1102 1503 sidera
1126 1458 1249 1502 caeli

94 1533 471 1596 Magnanimum
493 1535 695 1579 Aenean
715 1550 724 1591 ;
760 1549 912 1590 neque
933 1549 1010 1578 me
1033 1536 1278 1579 sententia
1299 1536 1467 1578 vertit.
1577 1533 1668 1577 260

96 1610 192 1652 Hic
213 1609 510 1654 tibi—fabor
532 1613 678 1664 enim,
708 1611 903 1665 quando
926 1610 1048 1655 haec
1072 1616 1120 1655 te
1141 1625 1261 1654 cura
1282 1609 1540 1665 remordet,

96 1683 317 1737 Longius
337 1691 386 1726 et
407 1684 613 1728 volvens
637 1684 860 1728 fatorum
885 1698 1069 1727 arcana
1092 1683 1358 1728 movebo—

96 1758 286 1803 Bellum
308 1760 483 1813 ingens
506 1766 639 1814 geret
661 1759 826 1813 Italia,
858 1760 1156 1814 populosque
1178 1760 1362 1805 feroces

97 1833 392 1889 Contundet,
423 1850 676 1890 moresque
697 1837 822 1880 viris
844 1841 893 1879 et
916 1837 1110 1879 moenia
1131 1843 1292 1891 ponet,

95 1911 261 1955 Tertia
283 1909 403 1954 dum
423 1911 570 1955 Latio
591 1918 883 1967 regnantem
906 1911 1086 1956 viderit
1111 1919 1291 1967 aestas,
1581 1910 1670 1954 265

95 1987 345 2041 ‘Pernaque
367 1990 662 2033 transierint
683 1987 888 2032 Rutulis
912 1987 1117 2032 hiberna
1141 1987 1376 2033 subactis.

97 2065 165 2107 At
186 2078 304 2119 puer
325 2064 587 2120 Ascanius,
617 2066 698 2107 cui
721 2080 852 2108 nunc
876 2079 1147 2119 cognomen
1169 2064 1279 2107 Iulo

97 2139 324 2198 Additur,
338 2141 501 2185 —Ilus
522 2146 643 2195 erat,
672 2139 792 2184 dum
816 2155 893 2185 res
917 2143 1058 2184 stetit
1080 2140 1175 2184 Ilia
1197 2154 1409 2193 regno—

95 2217 323 2270 Triginta
344 2231 554 2271 magnos
576 2215 834 2261 volvendiS
856 2216 1107 2261 mensibus
1130 2215 1270 2260 orbes

97 2292 307 2347 Imperio
325 2293 554 2348 explebit,
582 2306 883 2347 regnumque
906 2291 967 2336 ab
991 2291 1102 2337 sede
1118 2292 1301 2336 Lavini
1579 2290 1670 2333 270

42 2425 56 2431 ..
96 2369 393 2425 Transferet,
421 2376 469 2413 et
493 2369 693 2423 longam
722 2368 881 2412 multa
906 2370 956 2413 vi
979 2370 1169 2413 muniet
1192 2368 1388 2412 Albam.

99 2443 194 2487 Hic
215 2444 316 2498 jam
340 2453 412 2488 ter
435 2453 632 2488 centum
656 2450 787 2489 totos
809 2443 1099 2499 regnabitur
1122 2458 1280 2488 annos

100 2519 255 2564 Gente
277 2521 367 2564 sub
388 2520 647 2574 Hectorea,
678 2519 831 2565 donec
854 2522 1026 2575 regina
1051 2519 1293 2574 sacerdos,

100 2596 258 2640 Marte
280 2598 464 2650 gravis,
493 2599 742 2650 geminam
766 2602 911 2649 partu
937 2594 1077 2639 dabit
1101 2596 1197 2640 Ilia
1222 2595 1417 2650 prolem.
