1961 3047
312 139 362 180 1⁴3
820 151 863 183 P.
903 151 1109 184 mamm
1146 152 1368 185 MARoms

365 264 585 319 Namque
607 264 826 320 videbat,
853 268 923 309 uti
951 265 1192 310 bellantes
1215 266 1457 321 Pergama
1479 269 1661 310 circum

305 340 412 384 Hac
437 341 659 394 fugerent
684 341 819 397 Grai,
850 349 1081 396 premeret
1105 342 1323 396 Trojana
1344 342 1591 398 juventus,

303 417 411 461 Hac
435 417 676 472 Phryges,
707 419 916 461 instaret
939 433 1086 461 curru
1109 421 1350 463 cristatus
1371 419 1606 464 Achilles.

303 494 401 537 Nec
423 494 591 548 procul
615 494 731 537 hinc
753 493 910 539 Rhesi
932 497 1092 539 niveis
1116 497 1331 539 tentoria
1353 495 1480 540 velis

306 571 547 623 Agnoscit
568 570 855 626 lacrimans,
886 572 1045 624 primo
1067 586 1190 626 quae
1211 570 1407 626 prodita
1431 587 1605 616 somno

303 645 517 698 Tydides
538 646 698 690 inulta
718 646 955 691 vastabat
977 646 1121 691 caede
1143 653 1388 704 cruentus,

305 722 640 776 Ardentesque
663 725 848 766 avertit
869 737 1017 777 equos
1040 726 1090 766 in
1115 731 1296 777 castra,
1326 726 1608 778 priusquam

304 798 492 841 Pabula
515 805 803 851 gustassent
825 799 1000 853 Trojae
1023 800 1376 854 Xanthumque
1397 800 1653 845 bibissent.

303 875 450 918 Parte
473 875 574 918 alia
598 875 793 929 fugiens
817 878 1017 920 amissis
1038 876 1235 920 Troilus
1258 879 1425 932 armis,

303 951 484 995 Infelix
507 966 623 1006 puer
647 958 793 1006 atque
816 953 974 1007 impar
997 966 1294 1007 congressus
1316 952 1518 1007 Achilli,

303 1028 478 1072 Fertur
497 1030 651 1084 cquis,
682 1043 924 1083 curruque
946 1027 1115 1073 haeret
1139 1031 1401 1083 resupinus
1425 1031 1575 1081 inani,

1787 572 1879 615 470

1788 951 1878 993 475

301 1105 430 1148 Lora
453 1111 624 1149 tenens
648 1111 813 1148 tamen
833 1121 842 1160 3
882 1105 994 1148 huic
1019 1107 1278 1160 cervixque
1299 1119 1557 1159 comaeque
1578 1104 1849 1148 trahuntur

302 1178 393 1221 Per
414 1184 613 1228 terrain,
642 1188 690 1221 et
712 1193 859 1222 versa
882 1178 1046 1232 pulvis
1068 1178 1357 1222 inscribitur
1379 1178 1542 1222 hasta.

304 1250 496 1294 Interea
519 1249 582 1294 ad
604 1251 842 1305 templum
867 1265 965 1294 non
990 1265 1170 1305 aequae
1191 1249 1417 1294 Palladis
1440 1250 1580 1293 ibant

301 1328 534 1372 Crinibus
557 1327 740 1372 Iliades
763 1329 939 1382 passis,
971 1328 1259 1382 peplumque
1282 1327 1520 1380 ferebant,

302 1405 597 1458 Suppliciter
620 1406 791 1449 tristes
814 1410 862 1448 et
886 1409 1064 1448 tunsae
1088 1410 1286 1458 pectora
1308 1404 1518 1459 palmis3

305 1481 429 1523 Diva
453 1481 557 1524 solo
580 1480 706 1524 fixos
729 1480 897 1524 oculos
921 1495 1098 1524 aversa
1121 1480 1333 1524 tenebat.

300 1558 390 1600 Ter
412 1559 597 1600 circum
620 1556 802 1600 Iliacos
825 1563 1113 1611 raptaverat
1137 1555 1356 1599 Hectora
1379 1569 1561 1609 muros,

303 1633 697 1687 Exanimumque
720 1646 840 1675 auro
863 1647 1038 1686 corpus
1061 1631 1306 1676 vendebat
1328 1631 1560 1675 Achilles.

301 1711 426 1752 Tum
444 1723 559 1753 vero
582 1711 832 1763 ingentem
855 1711 1094 1762 gemitum
1117 1707 1203 1751 dat
1226 1713 1419 1762 pectore
1441 1707 1504 1750 ab
1526 1709 1639 1758 imo,

305 1787 372 1831 Ut
397 1785 567 1840 spolia,
598 1791 656 1827 ut
679 1799 867 1834 currus,
897 1792 1047 1838 utque
1070 1786 1230 1837 ipsum
1252 1797 1430 1837 corpus
1462 1785 1626 1836 amici,

301 1861 693 1915 Tendentemque
714 1876 895 1906 manus
919 1861 1177 1904 Priamum
1201 1861 1456 1914 conspexit
1479 1861 1703 1902 inermes.

304 1940 360 1983 Se
381 1952 569 1993 quoque
591 1937 898 1993 principibus
922 1939 1220 1992 permixtum
1243 1937 1451 1990 agnovit
1472 1934 1695 1987 Achivis,

302 2016 523 2070 ansque
545 2017 689 2069 acies,
717 2022 766 2058 et
789 2016 916 2067 nigri
943 2013 1221 2058 Memnonis
1242 2027 1394 2055 arma.

302 2092 449 2134 Ducit
472 2090 832 2134 Amazonidum
858 2091 1049 2135 lunatis
1073 2091 1275 2143 agmina
1296 2087 1444 2142 peltis

302 2166 614 2212 Penthesilea
638 2168 818 2219 furens,
849 2165 1119 2221 mediisque
1141 2168 1192 2209 in
1215 2164 1436 2208 millibus
1459 2162 1611 2217 ardet,

304 2246 468 2288 Aurea
489 2242 783 2287 subnectens
807 2254 1030 2287 exsertae
1051 2241 1250 2296 cingula
1273 2255 1531 2294 mammae,

302 2321 558 2373 Bellatrix,
588 2319 828 2373 audetque
849 2321 973 2363 Viris
996 2331 1285 2361 concurrere
1305 2318 1464 2370 virgo.

363 2396 502 2441 Haec
525 2395 642 2439 dum
665 2394 919 2439 Dardanio
941 2395 1135 2440 Aeneae
1155 2391 1384 2437 miranda
1407 2391 1651 2444 videntur,

306 2474 431 2516 Dum
457 2477 635 2525 stupet,
664 2470 939 2525 obtutuque
960 2470 1130 2514 haeret
1151 2468 1340 2513 defixus
1364 2469 1411 2510 in
1435 2482 1548 2520 uno,

305 2549 497 2602 Regina
523 2547 585 2591 ad
608 2547 859 2601 templum,
892 2547 1051 2591 forma
1072 2545 1402 2601 pulcherrima
1426 2543 1566 2593 Dido,

306 2625 530 2677 Incessit,
558 2637 743 2676 magna
766 2622 998 2676 juvenum
1023 2623 1240 2676 stipante
1257 2624 1472 2664 caterva.

1786 1324 1877 1367 480

1785 1704 1876 1747 485

1787 2061 1878 2128 4'90

1785 2465 1877 2510 495
