1961 3047
658 132 912 163 AENElDos
946 132 1041 162 ΜΒ.
1083 132 1116 162 1.
1612 123 1665 164 -21

103 245 212 301 Ipse
232 245 393 289 hostis
415 244 627 288 Teucros
649 245 835 298 insigni
868 243 1011 288 laude
1033 243 1233 299 ferebat,
1582 247 1672 289 <395

101 322 249 376 Seque
270 326 435 364 ortum
459 322 665 374 antiqua
687 320 987 363 Teucrorum
1009 319 1070 362 ab
1093 321 1247 374 stirpe
1269 321 1480 364 volebat.

101 395 260 449 Quare
283 396 430 449 agite,
461 409 488 437 o
512 396 671 447 tectis,
702 394 916 449 juvenes,
949 394 1191 438 succedite
1214 397 1412 439 nostris.

101 472 177 516 Me
197 485 384 526 quoque
405 486 490 525 per
513 471 697 515 multos
720 471 900 514 similis
925 471 1124 513 fortuna
1148 470 1338 514 labores

100 547 356 592 Jactatam
380 547 474 590 hac
497 545 690 590 demum
716 546 872 588 voluit
896 549 1165 590 consistere
1189 552 1336 589 terra.

102 623 210 667 Non
234 625 408 676 ignara
430 623 563 677 mali,
594 624 784 666 miseris
809 636 1089 665 succurrere
1111 621 1283 666 diseo)
1581 625 1671 666 630

103 697 181 741 Sic
202 703 440 741 memorat
463 711 472 752 ;
512 697 658 739 simul
683 697 881 738 Aenean
905 697 953 738 in
978 698 1113 749 regia
1137 696 1272 739 ducit

100 772 261 827 Tecta,
290 773 438 816 simul
460 771 626 814 divom
649 772 844 825 templis
866 772 1043 814 indicit
1066 772 1313 816 honorem.

101 848 198 892 Nec
220 850 384 892 minus
406 849 592 891 interea
615 849 762 891 sociis
787 847 848 890 ad
871 848 1018 891 litora
1043 851 1200 892 mittit

101 923 291 977 Viginti
314 929 499 977 tauros,
528 937 824 977 magnorum
848 923 1101 967 horrentia
1123 930 1316 967 centum

98 999 254 1052 Terga
276 1013 436 1053 suum,
466 1000 673 1052 pingues
696 1009 893 1042 centum
916 1013 1030 1042 cum
1053 1000 1296 1045 matribus
1320 1016 1489 1056 agnos,
1583 1002 1674 1045 635

101 1075 303 1120 Munera
325 1075 661 1129 laetitiamque
684 1074 767 1120 dii.

160 1151 229 1194 At
252 1149 427 1194 domus
449 1152 657 1193 interior
680 1151 835 1204 regali
859 1150 1116 1205 splendida
1139 1152 1262 1195 luxu

100 1226 386 1281 Instruitur‚
416 1225 680 1280 mediisque
701 1233 881 1280 parant
903 1229 1133 1271 convivia
1156 1231 1298 1272 tectis
1323 1240 1332 1269 :

101 1306 222 1348 Arte
240 1303 494 1347 laboratae
516 1308 675 1348 vestes
700 1313 926 1358 ostroque
948 1304 1167 1360 superbo,

100 1379 282 1433 Ingens
304 1385 566 1433 argentum
591 1382 788 1433 mensis,
820 1380 1103 1434 caelataque
1126 1383 1176 1423 in
1200 1396 1321 1424 auro
1583 1385 1673 1424 (340

101 1455 270 1499 Fortia
293 1454 429 1498 facta
452 1460 663 1509 patrum,
694 1457 844 1500 series
866 1456 1159 1509 longissima
1181 1471 1342 1499 rerum

100 1530 192 1575 Per
213 1535 289 1573 tot
311 1529 461 1573 ducta
484 1531 619 1575 viros
642 1532 846 1585 antiqua
871 1530 933 1574 ab
956 1532 1144 1584 origine
1165 1533 1340 1584 gentis.

160 1607 565 1661 Aeneas——neque
586 1608 718 1650 enim
741 1609 933 1660 patrius
955 1609 1223 1651 consistere
1245 1616 1456 1651 mentem

101 1682 287 1727 Passus
310 1681 740 1737 amor—rapidum
765 1682 827 1726 ad
849 1698 1004 1728 naves
1025 1685 1301 1737 praemittit
1318 1685 1556 1737 Achaten,

99 1758 316 1802 Ascanio
339 1759 466 1802 ferat
489 1758 622 1814 haec,
652 1761 909 1813 ipsumque
933 1759 996 1803 ad
1019 1761 1214 1803 moenia
1237 1760 1384 1804 ducat
1408 1778 1416 1811 ;
1579 1764 1671 1804 645

99 1834 272 1880 Omnis
293 1837 345 1878 in
367 1836 586 1879 Ascanio
608 1837 710 1879 cari
734 1844 836 1879 stat
860 1850 978 1880 cura
1000 1839 1235 1890 parentis.

100 1910 303 1955 Munera
327 1918 589 1966 praeterea,
618 1911 788 1956 Iliacis
810 1921 975 1966 erepta
997 1914 1169 1968 ruinis,

100 1987 243 2031 Ferre
264 1987 412 2042 jubet,
443 1987 627 2042 pallam
649 1989 808 2042 signis
831 2003 1044 2043 auroque
1064 1991 1317 2044 rigentem,

98 2063 163 2106 Et
185 2065 564 2107 circumtextum
585 2078 752 2107 croceo
775 2063 998 2108 velamen
1021 2065 1250 2118 acantho,

99 2140 317 2185 Ornatus
341 2141 559 2194 Argivae
579 2139 809 2192 Helenae,
839 2156 959 2196 quos
982 2141 1068 2185 illa
1092 2142 1329 2197 Mycenis,
1579 2145 1669 2186 650

97 2217 339 2270 Pergama
362 2232 474 2260 cum
498 2221 681 2270 peteret
704 2219 1111 2273 inconcessosque
1132 2218 1460 2273 Hymenaeos‚

99 2293 370 2348 Extulerat,
400 2295 576 2337 matris
599 2292 762 2337 Ledae
784 2293 1009 2339 mirabile
1031 2294 1242 2351 donum;

97 2369 358 2413 Praeterea
379 2376 640 2423 sceptrum,
670 2369 827 2413 Ilione
848 2370 975 2424 quod
998 2377 1219 2424 gesserat
1241 2371 1372 2426 olim,

99 2444 317 2489 Maxima
340 2450 572 2489 natarum
595 2445 799 2500 Priami,
828 2447 1045 2501 colloque
1066 2448 1246 2492 monile

98 2521 355 2575 Bacatum,
384 2526 433 2566 et
455 2520 698 2576 duplicem
719 2524 925 2576 gemmis
949 2537 1159 2578 auroque
1180 2539 1425 2568 coronam.
1575 2525 1668 2567 655

97 2597 232 2642 Haec
254 2599 472 2644 celerans
496 2601 588 2643 iter
612 2600 673 2644 ad
698 2615 849 2645 naves
874 2601 1105 2645 tendebat
1128 2602 1364 2647 Achates.
1556 2596 1566 2602 x

159 2674 226 2716 At
248 2674 491 2727 Cytherea
514 2690 671 2720 novas
695 2683 841 2730 artes,
872 2691 1002 2720 nova
1024 2682 1215 2730 pectore
1239 2683 1404 2722 versat
