1961 3047
269 216 319 255 12
770 227 813 259 P.
854 227 1063 259 VERGILI
1097 227 1321 260 MARonis

257 336 347 380 Sed
371 336 492 381 fines
515 337 703 391 Libyci,
735 353 891 393 genus
914 340 1233 384 intractabile
1257 340 1394 384 bello.

259 413 518 467 Imperium
547 412 671 456 Dido
693 413 844 467 Tyria
871 417 997 467 regit
1021 414 1141 458 urbe
1163 416 1398 470 profecta,

255 490 557 533 Germanum.
582 491 788 542 fugiens.
862 491 1034 544 Longa
1057 498 1132 535 est
1155 491 1352 546 injuria,
1382 493 1557 544 longae

255 565 533 621 Ambages3
572 565 654 610 sed
680 581 871 609 summa
896 582 1070 621 sequar
1094 568 1302 620 fastigia
1324 582 1500 611 rerum.

257 642 387 685 Huic
409 641 625 695 conjunx
650 642 901 695 Sychaeus
923 649 1044 697 erat,
1074 643 1352 687 ditissimus
1375 645 1480 696 agri

258 718 574 772 Phoenicum,
603 724 650 761 et
675 733 855 772 magno
879 721 1089 763 miserae
1110 718 1321 763 dilectus
1343 733 1522 773 amore,

255 795 346 840 Cui
371 800 509 848 pater
534 796 777 837 intactam
803 793 1017 849 dederat,
1047 797 1315 849 primisque
1337 795 1541 849 jugarat

255 864 536 916 Ominibus.
604 870 694 915 Sed
722 886 872 925 regna
894 872 1014 925 Tyri
1039 887 1304 925 germanus
1329 871 1541 916 habebat

257 948 568 1003 Pygmalion,
601 949 778 992 scelere
801 958 916 991 ante
940 948 1065 993 alios
1091 950 1352 991 immanior
1376 939 1558 992 omncs.

254 1026 391 1080 Quos
413 1027 542 1069 inter
566 1024 755 1069 medius
778 1027 917 1069 venit
942 1025 1091 1068 furor.
1164 1025 1253 1068 Ille
1275 1024 1550 1078 Sychaeum

256 1102 442 1156 Impius
465 1108 582 1145 ante
606 1116 733 1155 aras,
765 1108 910 1155 atque
932 1102 1041 1143 auri
1063 1114 1239 1144 caecus
1261 1115 1444 1155 amore,

256 1179 393 1223 Clam
420 1179 547 1221 ferro
573 1180 828 1220 incautum
850 1184 1066 1231 superat,
1097 1191 1299 1221 securus
1322 1192 1545 1220 amorum

256 1256 529 1298 Germanae
548 1270 556 1309 3
596 1254 878 1308 factumque
900 1253 986 1296 diu
1008 1253 1204 1308 celavit,
1233 1259 1282 1297 et
1304 1268 1520 1306 aegram,

256 1331 417 1374 Multa
441 1330 603 1374 malus
629 1331 887 1383 simulans,
917 1345 1051 1374 vana
1074 1344 1160 1384 spe
1179 1330 1302 1374 lusit
1325 1338 1590 1373 amantem.

261 1408 371 1462 ipsa
394 1406 479 1452 sed
503 1409 551 1450 in
577 1409 766 1452 somnis
790 1405 1040 1450 inhumati
1062 1408 1201 1450 venit
1222 1407 1390 1459 imago

256 1483 511 1538 Conjugis,
540 1498 625 1527 ora
649 1482 811 1527 modis
835 1482 1073 1526 attollens
1096 1481 1283 1536 pallida
1305 1483 1448 1525 miris
1469 1496 1478 1537 ;

256 1559 487 1605 Crudeles
510 1574 625 1603 aras
648 1558 948 1613 trajectaque
970 1564 1166 1612 pectora
1192 1558 1318 1601 ferro

258 1636 494 1688 Nudavit,
525 1649 817 1689 caecumque
839 1634 1013 1678 domus
1036 1634 1196 1678 scelus
1218 1648 1360 1677 onme
1391 1634 1582 1677 retexit.

255 1713 379 1756 Tum
402 1712 610 1757 celerare
634 1712 807 1765 fugam
828 1713 1088 1765 patriaque
1109 1710 1337 1754 excedere
1359 1709 1548 1764 suadet,

257 1788 604 1843 Auxiliumque
627 1790 738 1831 viae
761 1796 951 1831 Veteres
972 1787 1152 1830 tellure
1174 1785 1387 1830 recludit

255 1865 550 1915 Thesauros,
583 1866 810 1917 ignotum
833 1865 1029 1917 argenti
1052 1861 1243 1917 pondus
1263 1867 1313 1906 etv
1334 1863 1460 1905 auri.

258 1942 352 1986 His
373 1947 620 1985 commota
646 1941 817 1994 sugam
840 1939 966 1983 Dido
990 1941 1243 1994 sociosque
1264 1937 1488 1993 parabat.

257 2019 584 2069 Conveniunt,
615 2016 790 2071 quibus
815 2022 902 2059 aut
926 2015 1095 2059 odium
1117 2014 1312 2058 crudele
1333 2015 1537 2068 tyranni

259 2097 359 2139 Aut
381 2100 541 2138 metus
566 2108 675 2136 acer
697 2097 803 2136 erat
822 2107 831 2148 ;
870 2106 1038 2145 naves,
1069 2106 1192 2146 quae
1215 2091 1343 2134 forte
1364 2095 1582 2145 paratae,

258 2171 558 2225 Corripiunt,
589 2176 893 2223 onerantque
915 2183 1064 2222 auro3
1103 2172 1366 2221 portantur
1388 2167 1531 2209 avari

259 2246 604 2302 Pygmalionis
627 2259 740 2299 opes
764 2244 939 2299 pelago
959 2258 968 2299 3
1006 2242 1107 2286 dux
1131 2242 1317 2286 femina
1340 2241 1479 2285 facti.

258 2324 505 2368 Devenere
527 2322 676 2373 locos,
707 2319 789 2364 ubi
816 2334 949 2363 nunc
975 2320 1200 2372 ingentia
1223 2319 1383 2362 cernis

258 2400 455 2444 Moenia
476 2407 855 2451 surgentemque
877 2410 1033 2440 novae
1055 2394 1393 2448 Karthaginis
1414 2407 1588 2448 arcem,

259 2476 562 2529 Met-canique
584 2473 756 2526 solum,
788 2473 909 2515 facti
936 2455 993 2515 de
1014 2472 1212 2514 nomine
1233 2470 1459 2524 Byrsam,

259 2554 477 2596 Taurino
497 2556 738 2605 quantum
763 2555 962 2602 possent
987 2546 1293 2590 circumdare
1316 2551 1468 2597 tergo.

266 2628 355 2673 Sed
379 2642 469 2672 vos
489 2627 569 2681 qui
594 2623 809 2678 tandem,
839 2623 1015 2680 quibus
1038 2628 1125 2666 aut
1146 2622 1356 2666 venistis
1379 2619 1441 2664 ab
1463 2621 1577 2672 oris,

266 2705 434 2760 Quove
455 2703 635 2747 tenetis
658 2703 751 2745 iter
767 2700 801 2744 ‘?’
867 2699 1134 2755 Quaerenti
1156 2696 1341 2743 talibus
1363 2697 1446 2741 ille

1741 416 1832 458 340

1742 796 1834 839 345

1743 1176 1834 1219 350

1743 1557 1769 1599 00

1777 1556 1803 1598 U!

1808 1556 1834 1598 Οἱ

1744 1937 1835 1979 360

1745 2315 1836 2358 365

1745 2694 1837 2737 370
