1961 3047
652 105 904 137 AENEIDos
940 106 1038 138 ΜΒ.
1078 107 1111 137 1.
1611 99 1624 138 1
1643 99 1657 138 1

90 219 362 273 Explorare
384 231 550 271 novos,
590 232 712 271 quas
735 226 882 261 vento
913 218 1172 262 accesserit
1207 232 1335 272 oras,

91 293 184 348 Qui
210 299 421 347 teneant,
452 308 569 336 nam
592 293 783 336 inculta
808 293 955 347 videt,
986 294 1274 338 hominesne
1298 295 1502 348 feraene,

90 369 333 423 Quaerere
355 371 632 423 constituit,
664 371 903 423 sociisque
925 378 1101 413 exacta
1124 370 1317 413 referre.

90 446 312 491 Classem
336 448 388 489 in
411 460 628 489 convexo
651 460 907 489 nemorum
932 446 1022 490 sub
1055 461 1171 500 rupe
1193 452 1388 501 cavata,
1572 448 1661 490 310

90 521 365 566 Arboribus
388 521 610 565 clausam
633 523 818 564 circum
843 531 986 575 atque
1009 521 1326 566 horrentibus
1349 523 1536 566 umbris

91 597 284 642 Occulit
306 613 315 651 ;
355 598 455 651 ipse
476 611 575 639 uno
598 596 829 650 graditur
852 598 1122 640 comitatus
1145 597 1352 652 Achate,

90 674 218 717 Bina
242 688 396 716 manu
417 673 523 716 lato
546 675 771 726 crispans
797 673 1003 716 hastilia
1028 673 1171 717 ferro.

91 749 185 794 Cui
208 758 367 792 mater
390 747 549 791 media
574 762 677 792 sese
700 749 817 791 tulit
843 748 989 792 obvia
1023 749 1166 803 silva,
1208 800 1212 803 ¹

91 824 315 878 Virginis
338 839 392 868 os
415 825 736 878 habitumque
759 839 932 879 gerens
954 831 1001 869 et
1025 827 1238 879 virginis
1261 840 1399 869 arma
1576 827 1664 868 315

89 901 379 955 Spartanae,
407 901 487 944 vel
507 901 668 954 qualis
691 916 838 956 equos
860 902 1091 947 Threissa
1116 903 1301 955 fatigat

86 976 383 1031 Harpalyce,
409 976 748 1031 volucremque
773 977 893 1030 fuga
917 980 1247 1032 praevertitur
1270 976 1507 1021 Hebrum.

89 1054 310 1110 Namque
333 1054 520 1098 umeris
543 1053 602 1097 de
630 1068 763 1097 more
788 1053 1001 1097 habilem
1026 1053 1347 1107 suspenderat
1373 1069 1539 1098 arcum

94 1131 342 1185 Venatrix,
373 1130 667 1185 dederatque
691 1145 881 1173 comam
906 1130 1177 1175 diffundere
1198 1133 1375 1186 ventis,

89 1206 237 1251 Nuda
260 1221 400 1261 genu,
430 1206 652 1260 nodoque
676 1206 1046 1259 sinuscollecta
1068 1205 1287 1251 fluentes.
1573 1211 1663 1251 3⁴20

89 1284 160 1326 Ac
178 1285 322 1337 prior,
354 1280 550 1337 ‘Heus,⁷
571 1285 742 1337 inquit,
781 1282 1027 1337 ‘juvenes,
1055 1288 1346 1337 monstrate,
1370 1297 1590 1327 mearum

92 1358 301 1402 Vidistis
323 1360 366 1401 si
388 1373 536 1412 quam
561 1358 639 1400 hic
664 1365 911 1402 errantem
937 1359 1064 1402 sorte
1088 1373 1324 1413 sororum,

89 1436 406 1480 Succinctam
431 1434 664 1488 pharetra
687 1442 734 1478 et·
759 1435 1039 1479 maculosae
1064 1438 1278 1488 tegmine
1298 1436 1473 1491 lyncis,

87 1508 192 1551 Aut
213 1509 492 1561 spumantis
516 1508 622 1562 apri
647 1522 843 1552 cursum
869 1508 1079 1552 clamore
1100 1510 1437 1562 prementem.’

89 1583 168 1626 Sic
191 1582 385 1638 Venus;
422 1587 470 1627 et
495 1581 699 1627 Veneris
723 1592 895 1627 contra
921 1586 990 1627 sic
1013 1583 1146 1628 filius
1169 1599 1339 1629 orsus:
1574 1586 1665 1629 325

95 1658 272 1702 ‘Nulla
295 1664 493 1702 tuarum
519 1658 689 1702 audta
713 1660 835 1702 mihi
860 1674 1011 1715 neque
1031 1662 1142 1704 visa
1163 1675 1401 1717 sororum,

88 1735 338 1789 0—quam
358 1741 405 1778 te
426 1749 691 1779 memorem
714 1736 893 1789 virgo?
928 1751 1137 1791 namque
1154 1736 1288 1780 haud
1306 1737 1401 1780 tibi
1414 1737 1583 1783 vultus

87 1811 333 1864 Mortalis,
365 1824 451 1855 nec
474 1826 572 1854 vox
595 1811 843 1855 hominem
869 1823 1013 1856 sonat
1033 1828 1041 1856 :
1081 1813 1120 1857 O
1144 1813 1234 1857 dea
1257 1820 1411 1870 certe;

88 1888 168 1930 An
189 1886 376 1931 Phoebi
399 1887 574 1931 soror?
609 1903 672 1931 an
697 1888 1044 1943 Nympharum
1068 1891 1329 1942 sanguinis
1351 1891 1488 1935 una?

89 1965 166 2008 Sis
189 1964 322 2016 felix,
353 1972 674 2018 nostrumque
697 1964 838 2020 leves,
870 1980 1212 2020 quaecumque,
1242 1967 1473 2021 laborem,
1573 1967 1664 2010 330

89 2039 154 2083 Et
176 2054 270 2094 quo
294 2039 384 2084 sub
408 2039 543 2083 caelo
566 2039 780 2095 tandem,
811 2040 987 2095 quibus
1011 2041 1143 2086 orbis
1165 2043 1215 2084 in
1239 2044 1339 2086 oris

90 2115 358 2170 Jactemur,
389 2115 595 2171 doceas;
634 2118 799 2170 ignari
826 2118 1176 2172 hominumque
1196 2118 1507 2174 locorumque

88 2192 342 2246 Erramus,
371 2199 520 2236 vento
543 2193 639 2235 huc
663 2195 822 2238 vastis
845 2204 891 2237 et
916 2193 1148 2239 fluctibus
1172 2197 1267 2239 acti
1289 2211 1298 2238 :

92 2262 252 2310 Multa
269 2266 362 2311 tibi
379 2272 494 2313 ante
510 2281 623 2312 aras
654 2276 827 2314 nostra
850 2263 991 2314 cadet
1015 2271 1183 2315 hostia
1207 2271 1417 2317 dextra.'
1571 2273 1661 2317 334

149 2344 274 2386 Tum
292 2344 458 2388 Venus
477 2359 486 2388 :
555 2344 731 2389 ‘Haud
748 2345 967 2400 equidem
989 2347 1078 2390 tali
1097 2362 1172 2391 me
1189 2347 1366 2400 dignor
1387 2348 1572 2394 honore
1589 2364 1598 2404 ;

92 2415 379 2469 Virginibus
401 2418 566 2471 Tyriis
593 2433 698 2462 mos
721 2425 795 2462 est
819 2424 1013 2473 gestare
1033 2420 1335 2477 pharetram,

92 2492 435 2546 Purpureoque
458 2493 556 2537 alte
581 2509 723 2538 suras
746 2496 935 2539 vincire
957 2495 1215 2540 cothurno.

92 2568 282 2616 Punica
306 2582 456 2622 regna
479 2569 633 2624 vides,
663 2571 840 2625 Tyrios
863 2577 908 2615 et
936 2572 1176 2628 Agenoris
1198 2571 1367 2617 urbem
1387 2589 1396 2629 ;
