1961 3047
262 233 313 270 ’.Ἰ
809 245 853 275 Ρ.
893 244 1100 277 VERGILI
1133 246 1359 279 MARONIS

260 354 491 400 Crateras
513 370 722 412 magnos
745 362 978 401 statuunt
999 363 1046 401 et
1070 359 1189 401 vina
1211 367 1468 404 coronant.

260 431 338 473 Fit
361 435 597 486 strepitus
615 435 776 487 tectis,
808 447 1068 487 vocemque
1090 448 1173 488 per
1197 435 1362 488 ampla
1385 436 1617 480 volutant
1743 435 1834 479 725

258 508 402 550 Atria
426 524 434 562 ;
472 507 743 562 dependent
766 508 936 562 lychni
960 508 1276 564 laquearibus
1297 513 1464 556 aureis

257 582 465 638 Incensi,
494 592 540 628 et
565 592 759 628 noctem
782 583 998 630 flammis
1024 585 1215 629 funalia
1238 588 1465 630 vincunt.

258 659 353 701 Hic
375 664 544 712 regina
568 674 771 714 gravem
794 663 1000 713 gemmis
1025 675 1236 716 auroque
1259 664 1482 716 poposcit

262 735 579 790 [inplevitque
600 750 734 780 mero
756 743 992 791 pateram,
1021 752 1169 791 quam
1194 738 1343 782 Belus
1365 744 1413 782 et
1436 753 1606 782 omnes

260 814 300 854 A
325 811 441 855 Belo
464 812 600 856 soliti
625 827 634 868 ;
672 818 779 855 tum
806 813 939 858 sacta
963 812 1165 858 silentia
1188 815 1362 858 tectis:
1743 813 1833 856 730

267 893 276 911 ‘
293 886 535 942 -Juppiter,
565 888 846 943 hospitibus
868 903 986 933 nam
1011 895 1059 933 te
1082 888 1198 933 dare
1220 889 1330 944 jura
1354 890 1638 944 loquuntur,

257 963 403 1007 Hunc
423 964 609 1008 laetum
632 965 797 1018 Tyriis
815 980 890 1020 lue
912 965 1040 1010 diem
1062 965 1300 1021 Trojaque
1322 966 1557 1020 profectis

259 1041 377 1084 Esse
398 1041 535 1095 velis,
565 1049 857 1096 nostrosque
881 1042 1028 1097 hujus
1050 1044 1333 1088 meminisse
1353 1044 1582 1086 minores.

256 1116 401 1161 Adsit
423 1117 644 1161 laetitiae
665 1118 893 1162 Bacchus
917 1118 1075 1173 dator,
1105 1127 1153 1162 et
1176 1118 1304 1162 bona
1327 1118 1461 1162 Juno
1480 1134 1490 1173 ;

255 1193 320 1236 Et
343 1208 445 1248 VOS,
476 1194 530 1248 O,
560 1202 765 1245 coetum,
795 1195 947 1249 Tyrii,
978 1194 1217 1238 celebrate
1242 1195 1502 1238 faventes.’
1743 1193 1832 1236 735

256 1270 408 1324 Dixit,
436 1276 484 1313 et
507 1272 559 1312 in
582 1284 804 1314 mensam
829 1271 1039 1313 laticum
1062 1270 1243 1314 libavit
1267 1271 1514 1324 honorem,

255 1346 529 1400 Primaque,
557 1345 726 1400 libato,
759 1361 952 1391 summo
975 1354 1123 1391 tenus
1146 1348 1318 1400 attigit
1343 1361 1453 1401 ore,

252 1423 377 1465 Tum
399 1423 561 1466 Bitiae
582 1421 715 1466 dedit
740 1424 1040 1477 increpitans
1060 1438 1070 1478 ;
1107 1422 1190 1467 ille
1214 1425 1421 1476 impiger
1445 1422 1617 1467 hausit

254 1499 572 1553 Spumantem
593 1506 829 1553 pateram,
858 1504 906 1542 et
930 1499 1070 1553 pleno
1093 1514 1144 1543 se
1166 1499 1352 1553 proluit
1376 1513 1527 1554 auro3

255 1574 376 1618 Post
398 1574 487 1617 alii
507 1589 744 1629 proceres.
814 1573 1023 1619 Cithara
1046 1576 1258 1619 crinitus
1281 1573 1427 1627 Iopas
1741 1571 1832 1615 740

254 1650 495 1694 Personat
518 1656 710 1704 aurata,
742 1648 909 1693 doc-uit
935 1665 1076 1706 quem
1098 1652 1346 1696 maximus
1369 1651 1517 1695 Atlas

254 1726 351 1769 Hic
372 1728 508 1770 canit
529 1733 779 1771 errantem
803 1726 975 1769 lunam
1001 1725 1215 1780 solisque
1236 1725 1428 1769 labores
1446 1739 1456 1778 ;

254 1803 398 1850 Unde
420 1804 675 1847 hominum
699 1818 852 1857 genus
875 1810 924 1847 et
947 1802 1155 1858 pecudes
1177 1817 1187 1857 ;
1224 1801 1354 1846 unde
1376 1801 1528 1844 imber
1544 1808 1594 1844 et
1619 1803 1786 1854 ignes;

254 1883 521 1925 Arcturum
544 1880 835 1934 pluviasque
855 1877 1066 1933 Hyadas
1090 1880 1409 1932 geminosque
1429 1878 1631 1933 Triones
1653 1893 1662 1929 ;

254 1957 381 2012 Quid
403 1965 601 1999 tantum
626 1956 820 2000 Oceano
843 1962 1101 2010 properent
1124 1969 1175 1999 se
1197 1955 1390 2009 tingere
1409 1951 1538 1998 soles
1741 1951 1832 1994 745

254 2034 473 2087 Hiberni,
503 2034 581 2078 vel
602 2047 725 2088 quae
747 2032 906 2077 tardis
928 2046 1068 2076 mora
1089 2031 1318 2075 noctibus
1339 2030 1513 2074 obstet.

256 2112 571 2166 Ingeminant
593 2110 769 2164 plausu
791 2109 946 2163 Tyrii,
975 2109 1218 2163 Troesque
1239 2111 1525 2161 sequuntur.

254 2188 351 2231 Nec
372 2202 469 2230 non
491 2193 540 2230 et
565 2189 704 2230 vario
726 2191 920 2230 noctem
942 2198 1165 2230 sermone
1183 2182 1417 2228 trahebat-

255 2264 436 2307 Infelix
458 2262 595 2313 Dido,
624 2263 922 2317 longumque
943 2261 1140 2306 bibebat
1163 2274 1391 2310 amorem,

254 2339 413 2383 Multa
433 2353 577 2393 super
598 2338 800 2382 Priamo
821 2338 1060 2392 rogitans,
1084 2325 1228 2391 ⁴super
1250 2335 1464 2380 Hectore
1483 2334 1642 2379 multa
1661 2350 1671 2390 ;
1740 2333 1830 2377 750

254 2417 409 2469 Nunc,
437 2414 614 2470 quibus
639 2416 859 2458 Aurorae
888 2416 1101 2458 Venisset
1124 2412 1258 2456 filius
1283 2413 1455 2465 armis,

255 2493 410 2544 Nunc,
437 2490 603 2546 quales
628 2490 876 2534 Diomedis
897 2492 1022 2545 equi,
1061 2503 1207 2543 nunc,
1235 2492 1452 2542 quantus
1484 2485 1719 2530 Achilles

264 2568 458 2621 ‘lmm0,
488 2581 590 2621 age,
618 2572 666 2610 et
691 2582 718 2609 a
743 2569 900 2620 prima
925 2565 1017 2618 dic,
1049 2564 1239 2619 hospes,
1269 2565 1460 2616 origine
1482 2561 1624 2606 nobis

257 2643 509 2695 Insidias,’
531 2644 707 2697 inquit,
744 2642 1011 2694 ‘Danaum,
1041 2654 1281 2694 casusque
1301 2645 1514 2693 tuorum,

258 2721 554 2772 Eri-oresque
575 2724 719 2772 tuos3
757 2733 877 2760 nam
901 2724 949 2761 te
971 2716 1073 2771 jam
1097 2717 1306 2770 septima
1328 2720 1498 2769 portat
1738 2712 1764 2756 7

259 2794 500 2840 Omnibus
519 2801 766 2838 errantem
789 2795 937 2837 terris
957 2798 1006 2836 et
1028 2790 1264 2836 fluctibus
1288 2789 1489 2835 aestas.’

1770 2711 1798 2754 οἵ

1802 2713 1828 2755 U!
