1961 3047
601 138 605 142 ’
662 150 912 183 AENEmos
945 150 1042 182 Lm.
1082 150 1112 182 1.
1650 154 1659 180 ι

103 261 168 307 Et
191 272 375 309 torrere
397 272 575 319 parant
597 262 817 309 flammis
839 272 887 307 et
913 264 1138 318 frangere
1160 280 1297 308 saxo.

162 343 354 385 Aeneas
377 342 634 395 scopulum
658 344 844 385 interea
866 341 1147 385 conscendit
1172 351 1219 384 et
1241 355 1434 384 omnem
1587 340 1672 381 180

101 416 422 470 Prospectum
445 417 544 460 late
566 417 740 471 pelago
761 418 897 470 petit,
926 416 1125 460 Anthea
1148 418 1191 460 si
1211 430 1353 470 quem

101 491 135 535 J
139 499 363 536 actatum
386 499 536 537 vento
559 492 728 537 videat
752 492 1094 546 Phrygiasque
1117 492 1338 546 biremes,

104 571 205 612 Aut-
229 568 418 624 Capyn,
451 578 538 613 aut
563 569 706 613 celsis
730 570 781 611 in
805 567 1048 622 puppibus
1082 583 1219 611 arma
1243 568 1393 613 Caici.

104 645 295 688 Navem
319 648 369 688 in
392 658 658 699 conspectu
680 644 884 695 nullam,
910 650 1010 688 tres
1034 644 1176 688 litore
1198 659 1367 688 cervos

104 721 351 775 Prospicit
372 726 595 766 errantes
616 736 626 778 ;
665 720 756 765 hos
779 726 888 764 tota
911 728 1138 764 armenta
1160 728 1430 775 sequuntur
1590 718 1676 760 iss)

103 799 148 841 A
170 804 322 854 tergo,
351 804 400 843 et
422 798 627 852 longum
650 812 734 852 per
756 797 913 841 valles
936 799 1160 852 pascitur
1183 812 1372 851 agmen.

104 874 344 920 Constitit
366 875 460 930 hic,
492 889 752 930 arcumque
774 889 926 918 manu
948 874 1216 929 celeresque
1247 877 1462 928 sagittas

104 950 369 1005 Corripuit,
399 950 529 994 fidus
552 964 676 1005 quae
702 950 800 994 tela
824 949 1023 1004 gerebat
1047 940 1293 1006 Achates;

105 1026 436 1081 Ductoresque
459 1029 591 1081 ipsos
614 1029 843 1081 primum,
873 1028 1040 1080 capita
1063 1026 1166 1069 alta
1191 1027 1399 1070 ferentes

104 1102 348 1148 Cornibus
372 1103 602 1158 arboreis,
635 1106 827 1157 sternit,
859 1109 966 1147 tum
988 1103 1182 1157 vulgus,
1211 1110 1260 1147 et
1283 1116 1474 1146 omnem
1591 1100 1678 1143 190

104 1179 279 1224 Miscet
302 1194 454 1234 agens
477 1181 591 1224 telis
614 1195 816 1224 nemora
840 1182 968 1225 inter
991 1179 1196 1224 frondea
1218 1179 1416 1223 turbam
1438 1194 1446 1232 ;

107 1255 205 1299 Ν66
228 1257 363 1311 prius
387 1256 601 1310 absistit,
631 1271 780 1310 quam
805 1263 989 1310 septem
1012 1258 1236 1309 ingentia
1257 1258 1417 1299 victor

107 1331 323 1386 Corpora
349 1332 526 1375 fundat
550 1333 688 1375 humi
711 1341 760 1376 et
784 1347 1043 1376 numerum
1066 1346 1178 1375 cum
1200 1332 1413 1376 navibus
1436 1338 1623 1385 aequet.

106 1407 238 1451 Hinc
260 1416 457 1461 portum
480 1410 617 1462 petit,
647 1414 695 1451 et
719 1410 879 1451 socios
903 1410 1119 1462 partitur
1140 1411 1192 1452 in
1215 1422 1395 1452 omnes.

110 1482 251 1538 Vina,
281 1482 440 1527 bonus
462 1497 587 1537 quae
611 1481 783 1527 deinde
806 1481 943 1526 cadis
967 1489 1198 1528 onerarat
1222 1484 1423 1528 Acestes
1595 1482 1680 1524 195

106 1559 274 1603 Litore
293 1560 554 1602 Trinacrio
577 1558 870 1613 dederatque
893 1558 1187 1604 abeuntibus
1209 1559 1364 1614 heros,

107 1634 313 1690 Dividit,
340 1639 389 1678 et
411 1634 561 1679 dictsss
585 1637 857 1679 maerentia
880 1640 1077 1689 pectora
1100 1635 1278 1679 mulcet
1297 1651 1306 1679 :

115 1712 181 1756 ‘O
215 1713 553 1766 socii—neque
575 1713 706 1755 enim
730 1712 894 1765 ignari
917 1726 1088 1755 sumus
1112 1717 1227 1755 ante
1253 1713 1558 1775 malorum—-

109 1788 148 1832 O
171 1791 309 1843 passi
330 1791 576 1843 graviora,
607 1787 745 1832 dabit
769 1787 889 1832 deus
911 1788 991 1833 his
1014 1803 1198 1843 quoque
1218 1789 1378 1833 finem.

110 1864 207 1910 Vos
228 1870 277 1910 et
300 1866 577 1920 Scyllaeam
598 1864 786 1910 rabiem
809 1866 1097 1921 penitusque
1119 1871 1355 1910 sonantes
1593 1866 1683 1907 ‘200

109 1943 330 1988 Accestis
354 1942 594 1998 scopulos,
627 1957 717 1987 Vos
739 1952 788 1986 et
811 1942 1046 1997 Cyclopia
1069 1958 1192 1987 saxa

110 2021 335 2075 Experti:
372 2028 601 2065 revocate
624 2023 832 2075 animos,
863 2027 1201 2076 maestumque
1229 2023 1454 2065 timorem

111 2097 297 2142 Mittite
318 2112 328 2154 ;
364 2097 536 2142 forsan
561 2103 609 2141 et
633 2098 753 2142 haec
777 2097 895 2140 olim
917 2100 1202 2142 meminisse
1224 2097 1433 2151 juvabit.

111 2174 204 2218 Per
226 2175 394 2218 varios
416 2188 577 2229 casus,
607 2189 688 2229 per
711 2180 786 2217 tot
810 2174 1102 2218 discrimina
1123 2189 1290 2218 rerum

109 2249 376 2294 Tendimus
401 2252 452 2293 in
475 2250 693 2305 Latium,
725 2249 862 2295 sedes
885 2249 968 2292 ubi
992 2250 1100 2294 fata
1122 2253 1314 2304 quietas

113 2325 423 2382 Ostendunt3
461 2325 564 2368 illic
589 2327 666 2370 fas
689 2340 842 2380 regna
864 2340 1114 2380 resurgere
1135 2325 1322 2380 Trojae.

114 2399 312 2454 Durate,
341 2411 389 2446 et
411 2407 606 2447 Vosmet
629 2401 775 2446 rebus
799 2408 994 2447 servate
1019 2401 1283 2446 secundis.’

99 2509 113 2523 .
173 2479 315 2523 Talia
338 2493 457 2523 voce
479 2479 643 2535 refert,
673 2481 898 2534 curisque
921 2478 1207 2533 ingentibus
1230 2493 1371 2532 aeger

116 2554 256 2608 Spem
278 2557 423 2599 vultu
448 2555 664 2610 simulat,
695 2557 871 2609 premit
895 2555 1051 2598 altum
1075 2555 1216 2599 corde
1238 2554 1468 2599 dolorem.

117 2629 197 2673 Illi
221 2644 271 2673 se
293 2630 501 2684 praedae
524 2633 791 2685 achngunt
816 2630 1117 2685 dapibusque
1141 2630 1323 2674 suturis
1343 2646 1351 2673 :
1599 2628 1688 2671 210

1596 2250 1621 2291 ¹0

1627 2251 1654 2291 Φ

1661 2249 1687 2289 Ul
