1961 3047
641 135 894 169 AENEIDOS
927 135 1022 167 LIB.
1065 134 1096 167 Ῑ.

84 250 327 305 Ignavum
351 250 488 294 fucos
510 264 656 304 pecus
681 266 709 294 a
737 246 1084 306 praesaepibus
1106 254 1302 294 arcent:

84 328 258 372 Fervet
279 342 419 381 opus,
445 326 756 381 redolentque
778 327 952 380 thymo
977 326 1259 379 fragrantia
1282 324 1442 368 mella.

90 410 99 427 ‘
119 403 158 447 O
181 403 439 455 fortunati,
470 417 676 457 quorum
698 403 799 458 jam
821 403 1014 447 moenia
1037 407 1246 455 surgunt
1266 401 1274 443 !
1295 403 1305 422 ’

82 479 273 523 Aeneas
297 482 382 534 ait,
411 485 458 523 et>
483 479 690 533 fastigia
713 480 920 533 suspicit,
942 477 1094 522 urbis.

83 556 242 600 Infert
266 571 316 601 se
339 560 538 610 saeptus
560 556 751 611 nebula,
783 555 1008 600 mirabile
1029 555 1180 608 dictu,

84 633 177 676 Per
197 632 397 683 medios,
427 634 692 687 miscetque
714 634 851 687 viris,
883 646 1034 686 neque
1057 633 1275 674 cernitur
1297 630 1404 675 ulli.

144 709 308 753 Lucus
331 710 382 751 in
404 709 522 752 urbe
543 708 639 751 fuit
662 708 837 761 media,
866 708 1172 752 laetissimus
1192 706 1408 761 umbrae,

85 784 190 838 Quo
212 787 422 838 primum
445 783 622 838 jactati
643 783 792 828 undis
814 788 863 827 et,
886 783 1083 827 turbine
1105 783 1257 827 Poeni

84 860 303 904 Effoclere
325 860 431 903 loco
455 862 665 913 signum,
696 860 823 915 quod
846 863 983 914 reg-ia
1007 859 1142 903 Juno

83 936 400 991 Monstrarat,
430 945 578 990 caput
603 939 733 981 acris
755 938 864 992 equi
887 952 896 993 3
935 938 1006 980 sic
1028 952 1145 979 nam
1169 935 1272 978 fore
1294 935 1420 979 bello

83 1013 345 1066 Egregiam
365 1018 414 1056 et
439 1013 634 1056 facilem
656 1015 793 1056 victu
816 1028 898 1067 per
922 1014 1118 1056 saecula
1143 1018 1349 1066 gentem.

83 1088 179 1131 Hic
203 1089 439 1143 templum
463 1088 653 1132 Junoni
677 1091 853 1140 ingens
878 1090 1080 1133 Sidonia
1104 1089 1230 1132 Dido

84 1164 351 1219 Condebat,
380 1163 522 1208 donis
546 1165 831 1217 opulentum
853 1172 901 1207 et
926 1167 1125 1207 numine
1150 1163 1306 1207 divae.

85 1240 238 1283 Aerea
260 1243 339 1283 cui
361 1240 598 1294 gradibus
623 1241 891 1292 surgebant
917 1241 1103 1283 limssna.
1134 1254 1376 1294 nexaeque

87 1317 206 1360 Aere
228 1315 410 1369 trabes,
436 1316 624 1359 foribus
647 1316 795 1359 cardo
819 1316 1060 1360 stridebat
1086 1318 1237 1360 aenis.

85 1392 191 1434 Hoc
214 1394 427 1446 primum
450 1394 500 1433 in
525 1391 635 1434 luco
659 1407 791 1435 nova
812 1407 888 1436 res
912 1392 1080 1435 oblata
1104 1395 1327 1435 timorem

83 1468 261 1522 Leniit,
291 1467 372 1509 hic
395 1468 607 1520 primum
630 1467 821 1512 Aeneas
846 1483 1038 1523 sperare
1061 1468 1271 1512 salutem

85 1544 264 1597 Ausus,
292 1549 340 1586 et
364 1539 562 1586 afflictis
585 1542 760 1587 melius
784 1543 1025 1587 confidere
1045 1543 1204 1587 rebus.

85 1619 306 1673 Namque
327 1618 418 1662 sub
440 1620 631 1673 ingenti
655 1619 840 1662 lustrat
865 1619 983 1662 dum
1007 1619 1205 1673 singula
1230 1619 1426 1674 templo,

86 1692 330 1746 Reginam
352 1696 618 1748 opperiens,
648 1693 777 1749 dum,
807 1710 929 1748 quae
953 1696 1153 1737 fortuna
1177 1697 1242 1738 sit
1264 1694 1393 1749 urbi,

87 1769 438 1825 Artificumque
458 1785 637 1815 manus
661 1773 789 1814 inter
811 1786 861 1815 se
885 1786 1176 1825 operumque
1197 1771 1411 1815 laborem

86 1847 314 1901 Miratur,
342 1846 479 1890 videt
513 1846 695 1891 Iliacas
717 1862 775 1890 ex
800 1847 970 1891 ordine
992 1863 1198 1902 pugnas,

84 1923 315 1976 Bellaque
337 1921 438 1976 jam
463 1923 598 1966 fama
622 1929 787 1966 totum
809 1923 1018 1977 vulgata
1040 1938 1122 1977 per
1146 1923 1324 1974 orbem,

85 1998 303 2051 Atridas,
333 1998 695 2053 Priamumque,
724 2006 772 2043 et
797 2015 999 2043 saevum
1025 1999 1260 2043 ambobus
1284 2000 1540 2043 Achillem.

85 2074 337 2123 Constitit,
378 2079 428 2118 et
469 2075 778 2120 lacrimans:
845 2075 993 2130 ‘Quis
1026 2075 1128 2130 jam
1162 2076 1336 2129 locus,’
1373 2078 1544 2130 inquit,

278 2151 498 2202 ‘Achata

87 2226 221 2281 Quae
239 2228 376 2280 regio
397 2228 450 2269 in
473 2229 621 2271 terris
644 2230 803 2272 nostri
827 2242 924 2271 non
949 2228 1092 2282 plena
1116 2227 1300 2271 laboris
1319 2228 1338 2271 5>

88 2304 163 2346 En
187 2303 444 2347 Priamus!
481 2309 598 2347 sunt
622 2304 703 2346 hic
725 2306 876 2348 etiam
899 2320 989 2348 sua
1011 2307 1229 2359 praemia
1251 2303 1382 2347 laudi
1410 2319 1418 2356 3

89 2380 212 2422 Sunt
232 2380 467 2424 lacrimae
487 2395 665 2435 rerum,
695 2386 743 2424 et
765 2388 980 2424 mentem
1003 2381 1235 2424 mortalia
1259 2389 1490 2434 tangunt.

90 2455 231 2498 Solve
254 2462 412 2499 metus
435 2470 444 2508 ;
482 2456 604 2499 feret
628 2456 748 2499 haec
773 2457 991 2511 aliquam
1013 2456 1106 2499 tibi
1130 2456 1264 2499 fama
1287 2457 1532 2500 salmom)

90 2531 168 2575 Sic
191 2533 276 2579 ain,
307 2536 450 2584 atque
471 2534 695 2574 animum
717 2534 912 2586 pictura
936 2535 1094 2586 pascit
1116 2534 1269 2585 inani,

91 2607 249 2650 Multa
273 2620 484 2661 gemens,
512 2607 743 2663 largoque
766 2614 984 2653 umectat
1007 2607 1208 2653 flumine
1229 2608 1440 2652 vultum.

1566 631 1656 673 440

1566 1013 1657 1054 445

1567 1391 1658 1434 450

1569 1772 1660 1813 455

1570 2227 1659 2269 460

1571 2607 1663 2652 465
