1961 3047
336 248 395 289 ’20
848 260 891 290 Ρ.
930 259 1136 291 VERGHA
1172 260 1394 292 MARONJS

335 373 612 425 Argentum
634 371 876 417 Pariusve
899 372 1027 427 lapis
1049 371 1391 416 circumdatur
1412 387 1549 417 auro.

395 449 520 492 Tum
543 451 614 494 sic
636 451 859 504 reginam
883 448 1164 504 alloquitur,
1194 451 1481 504 cunctisque
1501 456 1697 503 repente

334 526 640 582 Improvisus
662 528 761 570 ait:
808 525 1026 581 ‘Coram,
1057 540 1198 580 quem
1232 528 1486 581 quaeritis,
1515 525 1707 580 adsum,
1820 526 1910 570 595

333 604 508 646 Troius
530 603 737 657 Aeneas,
766 601 969 656 Libycis
991 610 1187 656 ereptus
1211 600 1272 645 ab
1295 600 1458 646 undis.

338 679 376 723 O
400 679 506 723 sola
527 678 760 723 infandos
782 678 956 733 Trojae
978 680 1214 722 miserata
1236 676 1443 733 labores,

337 754 470 809 Quae
491 769 595 807 nos,
625 754 855 809 reliquias
879 754 1121 809 Danaum,
1150 760 1400 809 terraeque
1422 756 1674 812 marisque>

336 830 576 876 Omnibus
597 830 866 875 exhaustos
890 830 991 885 jam
1016 830 1227 884 caSIbus,
1259 832 1479 874 omnium
1504 845 1698 885 egenos,

336 906 482 963 Urbe,
511 907 668 962 domo,
698 909 874 961 socias,
905 913 1072 960 grates
1095 906 1369 961 persolvere
1391 906 1571 960 dignas
1820 906 1912 949 600

335 984 446 1027 Non
466 985 574 1038 opis
593 988 668 1027 est
692 990 904 1037 nostrae,
935 982 1073 1036 Dido,
1114 997 1203 1027 nec
1225 982 1455 1038 quicquid
1477 982 1656 1038 ubique
1677 989 1755 1027 est

335 1060 510 1104 Gentis
530 1058 823 1114 Dardaniae,
853 1074 1090 1112 magnum
1113 1073 1235 1114 quae
1256 1073 1431 1112 sparsa
1454 1073 1536 1113 per
1558 1058 1738 1103 orbem.

336 1136 396 1178 Di
418 1135 523 1191 tibi,
554 1138 597 1179 si
618 1151 713 1190 qua
738 1138 842 1190 pios
866 1143 1145 1190 respectant
1170 1137 1390 1190 numina,
1421 1137 1464 1179 si
1486 1134 1604 1190 quid

337 1211 558 1267 Usquam
579 1211 776 1266 justitia
797 1218 871 1256 est
893 1221 939 1255 et
964 1226 1102 1255 mens
1125 1210 1222 1254 sibi
1241 1212 1441 1255 conscia
1462 1212 1598 1264 recti,

336 1288 563 1332 Praemia
585 1287 737 1342 digna
761 1288 940 1331 serant.
1010 1286 1145 1341 Quae
1169 1296 1216 1330 te
1236 1293 1343 1330 tam
1365 1287 1496 1330 laeta
1518 1287 1744 1331 tulerunt.
1822 1285 1914 1329 605

336 1365 542 1409 Saecula
556 1364 578 1408 ἱ)
609 1366 693 1418 qui
714 1365 847 1407 tanti
870 1363 1020 1407 talem
1043 1377 1251 1417 genuere
1271 1369 1501 1417 parentes
1519 1362 1540 1406 ἶ)

335 1441 396 1485 In
417 1441 546 1485 freta
566 1439 684 1483 dum
705 1438 1079 1495 fluvii'current,
1111 1439 1228 1482 dum
1251 1439 1504 1484 montibus
1524 1437 1730 1483 umbreae

336 1516 645 1562 Lustrabunt
668 1530 902 1570 convexa,
933 1516 1075 1570 polus
1098 1515 1213 1559 dum
1238 1514 1399 1560 sidera
1423 1521 1607 1570 pascet,

300 1595 302 1597 ’
338 1595 532 1648 Semper
553 1593 712 1636 honos
734 1606 1004 1646 nomenque
1028 1598 1167 1634 tuum
1192 1590 1461 1644 laudesque
1481 1589 1768 1644 manebunt,

338 1670 474 1724 Quae
492 1683 569 1712 me
590 1682 799 1722 cumque
825 1673 1002 1711 vocant
1026 1668 1217 1712 terrae.’
1281 1667 1360 1711 Sic
1395 1666 1546 1720 fatus,
1575 1668 1791 1710 amicum
1821 1665 1914 1709 610

340 1746 525 1790 Ilionea
544 1747 668 1799 petit
689 1743 876 1798 dextra,
907 1744 1146 1798 laevaque
1167 1743 1430 1795 Serestum,

339 1823 460 1866 Post
481 1821 619 1875 alios,
650 1821 923 1875 fortemque
945 1820 1107 1873 Gyan,
1140 1819 1411 1873 fortemque
1434 1817 1751 1863 Cloanthum.

399 1897 652 1952 Obstipuit
674 1899 832 1952 primo
857 1903 1058 1951 aspectu
1082 1894 1286 1940 Sidonia
1308 1894 1448 1947 Dido,

339 1976 467 2021 Casu
491 1973 666 2019 deiude
687 1975 785 2018 viri
810 1981 968 2026 tanto,
990 1980 1037 2017 et
1062 1974 1133 2016 sic
1157 1986 1238 2016 ore
1259 1972 1429 2015 locuta
1450 1975 1553 2015 est:

347 2060 356 2077 ⁶
373 2052 495 2107 Quis
517 2058 576 2105 te,
606 2059 722 2095 nate
744 2050 846 2105 dea,
878 2065 960 2104 per
982 2056 1128 2093 tanta
1149 2048 1365 2102 pericula
1386 2062 1532 2092 casus
1821 2046 1918 2105 ¹615

341 2129 619 2182 Insequitur
635 2128 656 2171 ἱ)
690 2142 812 2182 quae
835 2128 912 2170 vis
936 2123 1237 2169 immanibus
1259 2123 1479 2178 applicat
1501 2123 1637 2168 oris?

337 2205 473 2248 Tune
494 2204 576 2247 ille
596 2204 801 2255 Aeneas,
832 2217 972 2257 quem
995 2200 1250 2244 Dardanio
1271 2200 1525 2244 Anchisae

340 2281 486 2324 Alma
507 2279 674 2323 Venus
698 2278 907 2332 Phrygii
933 2280 1103 2331 genuit
1127 2277 1395 2321 Simoentis
1417 2276 1481 2320 ad
1504 2275 1689 2318 undam
1708 2276 1730 2319 ἒ)

340 2361 501 2413 Atque
518 2356 738 2412 equidem
760 2356 1002 2399 Teucrum
1025 2356 1225 2399 memini
1247 2352 1432 2398 Sidona
1454 2355 1621 2397 venire

340 2434 546 2478 Finibus
565 2433 826 2488 expulsum
850 2434 1041 2487 patriis,
1072 2446 1201 2475 nova
1223 2445 1376 2484 regna
1396 2435 1639 2484 petentem
1721 2448 1726 2453 ·
1825 2426 1917 2470 620

341 2511 542 2555 Auxilio
564 2509 669 2553 Beli
690 2524 699 2565 3
737 2509 933 2563 genitor
956 2513 1061 2551 tum
1087 2507 1237 2551 Belus
1259 2508 1472 2560 opimam

342 2586 585 2631 Vastabat
610 2584 842 2638 Cyprum,
872 2588 920 2627 et
944 2585 1103 2626 victor
1126 2582 1316 2636 dicione
1337 2580 1546 2625 tenebat.

343 2664 574 2716 Tempore
597 2660 698 2714 jam
720 2674 779 2704 ex
804 2659 888 2702 illo
911 2673 1056 2704 casus
1078 2658 1201 2702 mihi
1227 2656 1456 2712 cognitus
1478 2656 1619 2702 urbis

342 2737 587 2792 Trojanae
609 2749 879 2790 nomenque
902 2741 1043 2777 tuum
1066 2748 1294 2788 regesque
1315 2733 1527 2787 Pelasgi.
