1961 3047
647 133 900 165 AENEIDOS
934 134 1029 164 LIB.
1073 134 1102 165 1.

89 247 379 291 Nimborum
402 247 454 289 in
478 248 710 300 patriam,
752 246 859 289 loca
882 246 985 290 feta
1010 247 1290 291 furentibus
1314 251 1516 291 austris.

88 325 311 367 Aeoliam
331 324 485 367 venit.
554 322 653 365 Hic
675 330 822 367 vasto
844 338 929 366 rex
951 324 1134 368 Aeolus
1156 332 1300 367 antro

88 400 362 444 Luctantes
383 404 564 444 ventos
586 403 998 452 tempestatesque
1019 414 1227 443 sonoras

88 475 297 529 Imperio
317 477 497 531 premit
521 488 579 518 ac
601 474 783 519 vinclis
804 481 853 518 et
876 488 1070 519 carcere
1091 475 1269 520 frenat.

87 549 171 594 Illi
191 551 515 604 indignantes
536 564 720 604 magno
742 564 857 593 cum
880 565 1133 596 murmure
1154 555 1338 596 montis

34 618 36 620 V
87 626 287 671 Circum
308 627 532 671 claustra
554 625 773 669 fremunt
793 640 802 681 ;
840 626 973 670 celsa
997 625 1130 670 sedet
1155 627 1335 670 Aeolus
1359 643 1468 670 arce

88 702 291 757 Sceptra.
312 711 500 757 tenens,
530 702 785 755 mollitque
807 704 1001 746 animos
1023 708 1073 746 et
1096 708 1335 756 temperat
1357 705 1473 746 iras.

88 777 151 821 Ni
174 778 344 834 saciat,
373 780 536 822 maria.
560 792 618 821 ac
640 783 802 821 terras
824 779 1108 832 caelumque
1129 778 1431 833 profundum

88 852 277 908 Quippe
298 855 463 898 ferant
484 853 649 907 rapidi
672 868 837 897 secum
861 860 1162 908 verrantque
1182 869 1266 909 per
1289 870 1452 898 auras.

87 929 179 974 Sed
199 937 340 985 pater
363 932 677 984 omnipotens
700 930 949 984 speluncis
972 930 1164 973 abdidit
1187 932 1326 985 atris,

85 1006 193 1050 Hoc
215 1013 454 1061 metuens7
495 1007 770 1060 molemque
790 1011 840 1050 et
862 1012 1058 1051 montes
1080 1008 1278 1060 insuper
1301 1007 1431 1050 altos

93 1083 347 1138 Imposuit,
378 1097 640 1137 regemque
662 1081 810 1136 dedit,
839 1083 922 1136 qui
947 1082 1138 1127 foedere
1159 1089 1291 1125 certo

88 1159 154 1202 Et
175 1174 391 1214 premere
410 1164 460 1203 et
482 1158 626 1202 laxas
650 1160 796 1203 sciret
822 1157 940 1201 dare
962 1157 1130 1213 jussus
1152 1158 1392 1202 habenas,

88 1234 166 1279 Ad
185 1250 330 1290 quem
350 1239 461 1278 tum
483 1232 620 1278 Juno
643 1228 851 1287 supplex
873 1233 954 1277 his
977 1232 1183 1278 vocibus
1205 1248 1296 1277 usa
1318 1245 1390 1276 est
1413 1249 1420 1276 :

96 1312 532 1364 ‘Aeolo—namque
550 1310 642 1353 tibi
660 1309 829 1354 divom
846 1318 985 1364 pater
1002 1318 1147 1365 atque
1161 1310 1419 1353 hominum
1437 1326 1521 1353 rex

89 1387 154 1430 Et
174 1388 387 1431 mulcere
408 1385 545 1430 dedit
567 1384 752 1430 fluctus
774 1392 824 1429 et
845 1387 1018 1430 tollere
1038 1391 1270 1441 vento,—

87 1463 220 1507 Gens
240 1464 446 1505 inimica
468 1461 593 1505 mihi
614 1461 929 1514 Tyrrhenum
950 1464 1160 1515 navigat
1184 1477 1376 1517 aequor,

87 1538 237 1582 Ilium
259 1540 312 1581 in
334 1538 541 1581 Italiam
563 1543 771 1592 portans
793 1529 1049 1593 victosque
1070 1538 1283 1582 Penates
1307 1553 1316 1581 :

88 1614 260 1658 Incute
280 1617 386 1678 vim
407 1616 571 1658 Ventis
595 1613 973 1669 submersasque
994 1614 1145 1658 obrue
1164 1629 1361 1669 puppeS,

91 1691 189 1734 Aut
212 1706 304 1745 age
326 1691 548 1735 diversos
570 1696 620 1735 et
643 1689 818 1745 disjice
839 1705 1045 1745 corpora
1067 1698 1232 1746 ponto.

89 1768 214 1811 Sunt
237 1766 361 1810 mihi
384 1767 460 1811 bis
484 1773 670 1818 septem
691 1769 972 1821 praestanti
993 1781 1192 1821 corpore
1213 1768 1479 1821 nymphae.

89 1842 309 1897 Quarum
329 1856 455 1897 quac
476 1842 641 1886 forma
662 1842 998 1897 pulcherrima
1020 1842 1244 1896 Deiopea,

9 1956 16 1962 .
37 1974 42 1978 .
88 1918 311 1963 Conubio
332 1917 543 1973 jungam
566 1917 739 1962 stabili
759 1920 1104 1973 propriamque
1126 1917 1312 1966 dicabo,

90 1993 272 2038 Omnes
293 1999 351 2038 ut
372 1999 537 2038 tecum
559 1996 753 2038 meritis
774 2009 863 2049 pro
888 1994 1074 2039 talibus
1097 2009 1255 2039 annos

91 2068 288 2126 Exigat‚
315 2075 366 2115 et
387 2071 595 2125 pulchra
617 2071 775 2115 faciat
798 2072 848 2115 t'e
871 2070 1006 2125 prole
1028 2072 1316 2125 parentem.’

151 2146 334 2192 Aeolus
354 2146 476 2191 haec
498 2157 673 2190 contra
697 2162 705 2191 :
741 2147 912 2203 ‘Tuus,
944 2146 984 2191 O
1006 2149 1194 2202 regina,
1224 2146 1340 2201 quitl
1363 2154 1499 2200 optes

90 2220 362 2276 Explorare
381 2223 521 2267 labor
541 2238 550 2280 ;
586 2223 712 2267 mihi
735 2222 875 2277 jussa
897 2237 1148 2278 capessere
1169 2223 1248 2267 fas
1268 2230 1359 2267 est.

89 2296 163 2339 'Pu
184 2297 309 2341 mihi
329 2297 664 2353 quodcumque
685 2298 780 2341 hoc
802 2301 956 2354 regni,
986 2306 1044 2343 tu
1068 2305 1262 2353 sceptra
1285 2298 1318 2342 J
1323 2313 1553 2352 ovemque

93 2370 356 2428 concilias,
387 2381 444 2417 tu
465 2374 556 2419 das
578 2375 735 2430 epulis
758 2375 1042 2419 accumbere
1063 2374 1245 2430 divom,

93 2447 475 2504 Nimborumque
497 2451 622 2495 facis
646 2458 1089 2506 tempestatumque
1119 2456 1380 2506 potentem.

155 2519 292 2566 Haec
313 2522 397 2565 ubi
419 2523 568 2580 dicta,
597 2540 777 2569 cavum
800 2539 1038 2570 conversa
1061 2526 1264 2580 cuspide
1284 2533 1498 2570 montem

93 2595 299 2653 Impulit
321 2598 373 2642 in
395 2598 529 2645 latus
548 2615 558 2658 ;
595 2615 652 2645 ac
675 2603 826 2657 venti,
855 2602 992 2646 velut
1015 2596 1380 2657 angne'facto,

1607 552 1663 592 55

1605 931 1664 971 (30

1607 2451 1665 2493 80
