1961 3047
266 242 291 277 (ἱ
779 253 822 284 r.
861 249 1065 286 ‘vaur-im
1104 250 1324 287 MARONIS

267 367 424 421 Atque
444 369 571 411 rotis
594 382 815 412 summas
837 366 1025 411 levibus
1049 367 1319 421 perlabitur
1342 367 1519 413 undas.

269 445 335 484 Ac
360 443 510 486 veluti
536 458 718 495 magno
743 446 791 486 in
817 444 993 498 populo
1015 458 1126 486 cum
1150 459 1292 498 saepe
1312 454 1482 489 coorta
1512 453 1588 489 est

266 518 463 575 Seditio,
490 522 743 575 saevitque
765 522 948 565 animis
971 520 1186 575 ignobile
1207 521 1400 575 vulgus,

265 594 476 650 Jamque
498 595 630 639 faces
651 603 698 639 et
723 611 847 639 saxa
869 596 1056 649 volant,
1080 597 1216 640 furor
1238 611 1379 640 arma
1400 599 1670 652 ministrat,

265 672 401 725 Tum,
430 673 612 726 pietate
633 687 836 724 gravem
859 687 917 716 ac
941 675 1132 718 meritis
1156 675 1197 717 si
1223 673 1350 717 forte
1366 676 1529 717 virum
1553 689 1692 729 quem

267 747 582 804 Conspexere,
610 749 771 804 silent,
803 752 1101 805 arrectisque
1123 749 1325 794 auribus
1356 755 1554 807 astant;

266 825 355 868 Ille
374 827 502 878 regit
525 825 674 870 dictis
698 827 906 879 animos,
935 833 983 870 et
1007 831 1203 881 pectora
1226 826 1407 870 mulcet
1430 841 1440 871 :

268 901 346 944 Sic
366 906 576 945 cunctus
599 901 759 956 pelagi
781 901 956 945 cecidit
982 902 1164 955 fragor,
1194 916 1404 957 aequora
1426 907 1684 957 postquam

268 977 578 1031 Prospiciens
600 980 795 1029 gen‘tor
818 978 1046 1033 caeloque
1068 980 1296 1023 invectus
1319 984 1488 1033 aperto

269 1053 444 1096 Flectit
466 1068 628 1108 equos,
658 1068 897 1108 curruque
918 1054 1095 1099 volans
1119 1054 1206 1098 dat
1228 1055 1335 1097 lora
1359 1054 1584 1100 seeundo.

329 1126 514 1170 Defessi
538 1126 809 1178 Aeneadae,
839 1142 961 1181 quae
983 1129 1209 1182 proxima
1232 1126 1398 1182 litora,
1429 1141 1579 1171 cursu

267 1201 585 1247 Contendunt
608 1213 779 1257 petere,
808 1208 857 1247 et
880 1202 1067 1257 Libyae
1089 1209 1351 1247 vertuntur
1373 1202 1436 1247 ad
1458 1217 1589 1248 oras.

268 1279 359 1323 Est
385 1281 432 1321 in
457 1293 650 1324 secessu
673 1280 822 1333 longo
844 1279 981 1325 locus
1003 1295 1012 1323 :
1050 1280 1216 1325 insula
1239 1286 1438 1335 portum

268 1354 432 1399 Efficit
454 1355 647 1410 objectu
670 1355 898 1411 laterum,
928 1355 1104 1412 quibus
1127 1359 1287 1401 omnis
1309 1356 1371 1400 ab
1395 1356 1501 1400 alto

268 1432 539 1485 Frangitur
560 1435 705 1488 inque
727 1435 866 1477 sinus
890 1433 1072 1477 scindit
1098 1448 1202 1478 sese
1223 1432 1362 1476 unda
1384 1433 1631 1478 reductos.

268 1507 400 1550 Hinc
423 1515 567 1562 atque
588 1508 706 1550 hinc
727 1518 903 1552 vastae
925 1523 1070 1562 rupes
1093 1510 1368 1563 geminique
1396 1511 1657 1552 minantur

269 1583 325 1627 In
350 1583 542 1628 caelum
567 1584 768 1639 scopuli,
797 1599 1006 1640 quorum
1030 1584 1122 1630 sub
1144 1587 1330 1630 vertice
1350 1584 1452 1629 late

268 1662 493 1715 Aequora
514 1666 625 1704 tuta
648 1661 794 1705 silent
814 1675 823 1715 3
862 1669 970 1704 tum
992 1661 1135 1705 silvis
1158 1675 1334 1706 scaena
1356 1663 1576 1705 coruscis

269 1737 484 1792 Desuper
506 1736 819 1792 horrentique
840 1748 1005 1781 atrum
1029 1751 1202 1781 nemus
1226 1738 1448 1780 imminet
1471 1737 1663 1780 umbra.

270 1815 452 1858 Fronte
474 1813 564 1858 sub
588 1812 800 1859 adversa
824 1814 1040 1869 scopulis
1064 1813 1388 1868 pendentibus
1412 1821 1628 1868 antrum,

271 1890 414 1935 Intus
435 1904 589 1945 aquae
610 1889 776 1934 dulces
800 1892 1008 1945 vivoque
1030 1889 1204 1935 sedilia
1228 1905 1364 1944 saxo,

270 1967 616 2022 Nympharum
638 1965 812 2012 domus
831 1981 840 2010 :
878 1967 960 2011 hic
982 1966 1142 2011 fessas
1164 1981 1264 2009 non
1287 1966 1490 2010 vincula
1512 1981 1668 2010 naves

270 2042 390 2087 Ulla
411 2048 594 2095 tenent,
623 2057 752 2086 unco
775 2056 874 2086 non
899 2041 1078 2096 affigat
1101 2056 1285 2085 ancora
1306 2055 1491 2086 morsu.

271 2118 382 2162 Huc
404 2126 590 2174 septem
611 2119 803 2163 Aeneas
826 2118 1048 2163 collectis
1070 2118 1284 2162 navibus
1306 2120 1440 2161 omni

271 2196 348 2238 Ex
369 2209 571 2239 numero
594 2194 727 2239 subit
749 2210 759 2250 ;
798 2208 856 2238 ac
878 2208 1062 2248 magno
1086 2193 1280 2238 telluris
1303 2208 1471 2237 amore

270 2271 309 2314 E
317 2274 471 2323 gressi
493 2276 667 2325 optata
690 2272 949 2328 potiuntur
967 2270 1116 2314 Troes
1138 2270 1340 2324 harena,

272 2348 335 2391 Et
358 2347 462 2392 sale
481 2346 707 2391 tabentes
732 2355 871 2390 artus
895 2347 947 2389 in
970 2346 1115 2390 litore
1136 2353 1345 2400 ponunt.

272 2426 344 2468 Ac
365 2425 577 2478 primum
601 2423 727 2467 silici
749 2422 1024 2467 scintillam
1045 2421 1244 2466 excudit
1264 2421 1498 2474 Achates,

272 2487 589 2554 Succepitque
611 2502 774 2553 ignem
800 2499 946 2553 foliis,
979 2504 1123 2553 atque
1154 2497 1295 2542 arida
1318 2499 1503 2541 circum

273 2576 590 2619 Nutrimenta
612 2574 759 2629 dedit,
788 2577 1047 2629 rapuitque
1068 2575 1117 2617 in
1142 2573 1314 2618 fomite
1335 2571 1601 2617 flammam.

269 2653 397 2696 Tum
419 2651 641 2697 Cererem
663 2658 945 2705 corruptam
967 2649 1116 2694 undis
1139 2649 1457 2704 Cerealiaque
1479 2664 1618 2693 arma

274 2726 557 2784 Expediunt
579 2727 697 2772 fessi
720 2740 897 2781 rerum,
928 2726 1189 2780 frugesque
1210 2730 1432 2780 receptas

1748 599 1837 642 150

1752 979 1841 1022 155

1755 1357 1843 1400 160

1756 2117 1844 2160 170

1757 2492 1845 2542 175
