1961 3047
298 196 309 234 l
325 197 346 235 4
803 210 849 242 1’.
887 196 1095 242 vaae-:1121
1129 210 1352 243 MARONIS

290 318 668 375 Ambrosiaeque
688 336 854 366 comae
876 322 1100 366 divinum
1123 325 1306 368 vertice
1326 324 1521 368 odorem

290 394 558 451 Spiravere‚
588 396 732 450 pedes
754 400 909 442 vestis
932 397 1137 441 defluxit
1161 398 1223 442 ad
1246 401 1385 455 imos,

290 471 353 514 Et
377 486 493 515 vera
516 474 709 516 incessu
735 475 898 526 patuit
921 473 1024 518 dea.
1094 474 1187 518 Ille
1212 474 1294 517 ubi
1315 481 1525 520 matrem

289 549 522 603 Agnovit,
553 548 643 591 tali
667 548 941 602 fugientem
963 557 1039 595 est
1064 565 1182 595 voce
1204 558 1430 596 secutus:

298 628 307 647 ‘
345 623 450 667 mid
475 633 649 667 natum
673 627 870 680 totiens,
901 626 1112 671 crudelis
1135 628 1422 683 tu'quoque,
1451 627 1595 672 falsis

290 700 444 743 Ludis
467 700 804 755 imaginibus?
838 716 925 744 cur
949 702 1152 747 dextrae
1173 702 1374 757 jungere
1397 703 1625 748 dextram

290 776 399 818 Non
422 775 583 831 datur,
615 791 671 819 ac
696 791 839 822 veras
861 778 1031 823 audire
1051 786 1100 823 et
1122 779 1319 823 reddere
1339 794 1485 823 voces
1502 781 1522 822 ἶ)
1538 781 1548 800 ’

287 852 489 897 Talibus
512 855 723 909 incusat,
752 869 1066 910 gressumque
1087 856 1149 899 ad
1173 858 1366 900 moenia
1389 856 1560 901 tendit.

289 931 356 973 At
384 929 545 974 Venus
568 929 775 974 obscuro
798 931 1082 984 gradientes
1105 947 1213 977 aere
1235 934 1433 987 saepsit,

290 1007 355 1050 Et
379 1007 533 1050 multo
556 1006 762 1051 nebulae
784 1010 970 1051 circum
994 1008 1083 1053 dea
1109 1009 1237 1053 fudit
1271 1011 1469 1064 amictU‚

290 1083 496 1128 Cernere
518 1098 576 1127 ne
598 1086 707 1138 quis
729 1098 826 1139 eos,
856 1100 949 1129 neu
972 1087 1083 1140 quis
1105 1088 1388 1140 contingere
1410 1093 1591 1141 posset,

292 1160 520 1204 Molirive
542 1175 744 1215 moram,
776 1169 862 1204 aut
886 1161 1116 1205 veniendi
1140 1177 1335 1216 poscere
1355 1177 1551 1206 causas.

292 1237 407 1291 Ipsa
429 1236 658 1290 Paphum
681 1237 908 1282 sublimis
930 1237 1047 1292 abit,
1077 1238 1308 1292 sedesque
1328 1240 1504 1282 revisit

292 1314 447 1356 Laeta
471 1328 602 1367 suas,
632 1311 717 1355 ubi
739 1313 978 1367 templum
1002 1314 1089 1368 illi,
1121 1319 1413 1368 centumque
1435 1312 1620 1358 Sabaeo

290 1390 416 1433 Ture
437 1389 599 1433 calent
623 1404 751 1443 arae,
783 1392 1025 1445 sertisque
1046 1390 1324 1435 recentibus
1347 1390 1538 1433 halant.

355 1465 641 1520 Corripuere
662 1467 799 1509 Viam
824 1467 1026 1518 interea,
1054 1482 1152 1522 qua
1175 1468 1355 1511 semita
1377 1472 1641 1509 monstrat.

293 1541 502 1596 ‚Jamque
524 1541 855 1586 ascendebant
877 1543 1063 1598 collem,
1093 1545 1174 1598 qui
1196 1542 1439 1597 plurimus
1460 1541 1570 1584 urbi

293 1619 538 1674 Imminet,
568 1618 898 1673 adversasque
919 1626 1143 1674 aspectat
1168 1618 1376 1673 desuper
1399 1633 1551 1663 arces.

294 1695 505 1738 Miratur
529 1695 706 1738 molem
729 1695 936 1744 Aeneas,
965 1695 1183 1750 magalia
1206 1695 1470 1750 quondam,

294 1771 506 1815 Miratur
528 1782 698 1826 portas
721 1773 1078 1826 strepitumque
1099 1777 1148 1816 et
1171 1777 1335 1816 strata
1356 1773 1570 1815 viarum.

294 1848 494 1892 Instant
517 1847 744 1893 ardentes
769 1849 924 1902 Tyrii,
955 1863 1070 1903 pars
1093 1847 1268 1892 ducere
1289 1861 1470 1902 muros,

295 1924 551 1979 Molirique
572 1940 731 1968 arcem
753 1932 801 1970 et
823 1924 1057 1969 manibus
1081 1923 1370 1968 subvolvere
1391 1938 1529 1976 saxa,

294 2001 419 2046 Pars
442 2008 611 2055 optare
633 2002 792 2046 locum
814 2007 945 2046 tecto
967 2007 1016 2044 et
1038 2000 1326 2043 concludere
1348 2000 1509 2053 sule-03

294 2076 420 2121 Jura
441 2079 863 2133 magistratusque
884 2077 1068 2132 legunt,
1098 2083 1420 2130 sanctumque
1441 2083 1670 2119 senatum
1695 2090 1704 2129 ;

294 2151 391 2195 Hic
413 2162 583 2205 portus
607 2153 692 2197 alii
712 2153 983 2208 effodiunt3
1021 2151 1103 2194 hic
1127 2151 1231 2196 alta
1254 2151 1467 2195 theatrIS

295 2228 637 2272 Fundamenta
658 2229 826 2273 locant
848 2229 950 2284 alii,
979 2230 1312 2282 immanesque
1335 2226 1590 2269 columnas

294 2304 522 2360 Rupibus
542 2305 792 2361 excidunt,
823 2306 1015 2350 scaenis
1038 2303 1212 2348 decora
1237 2303 1341 2346 alta
1364 2302 1561 2345 suturis.

294 2380 466 2434 Qualis
489 2395 603 2435 apes
626 2386 818 2425 aestate
840 2394 971 2424 nova
993 2394 1076 2434 per
1097 2377 1248 2422 florea
1271 2392 1387 2421 rura

294 2458 497 2502 Exercet
519 2457 610 2502 sub
633 2458 734 2502 sole
754 2457 906 2512 labor,
935 2471 1049 2500 cum
1071 2457 1235 2510 gentis
1257 2454 1455 2499 adultos

294 2533 526 2577 Educunt
551 2534 693 2589 fetus,
723 2540 809 2578 aut
832 2549 946 2577 cum
966 2533 1208 2588 liquentia
1230 2531 1378 2575 mella

294 2612 488 2663 Stipant
513 2617 561 2653 et
584 2609 715 2653 dulci
739 2609 1030 2654 distendunt
1054 2613 1251 2651 nectare
1272 2606 1435 2661 cellas,

293 2687 392 2729 Aut
415 2700 563 2731 onera
586 2687 835 2740 accipiunt
860 2687 1157 2737 venientum,
1187 2688 1274 2727 aut
1296 2684 1494 2740 agmine
1514 2681 1649 2728 facto

1772 476 1864 519 405

1775 856 1867 898 410

1779 1619 1869 1660 4‘20

1777 1998 1868 2040 425

1775 2375 1868 2417 430
