1961 3047
679 148 932 180 Anxmnos
965 149 1060 180 me.
1103 149 1135 180 1.
1669 138 1694 177 ἴ)

122 263 181 306 In
201 264 403 318 puppim
427 261 564 305 ferit:
602 264 853 305 excutitur
877 275 1151 315 pronusque
1175 263 1413 312 magister
1609 261 1696 303 115

124 338 352 382 Volvitur
374 340 425 380 in
447 344 596 392 caput
619 353 628 394 ;
668 344 747 380 ast
772 338 912 381 illam
936 343 1010 380 ter
1032 335 1214 381 fluctus
1241 337 1419 380 ibidem

118 414 329 469 Torquet
352 428 507 467 agens
530 417 728 468 circum,
757 419 805 458 et
827 412 1031 467 rapidus
1054 419 1200 457 vorat
1224 428 1429 468 aequore
1451 420 1634 457 vertex.

120 490 375 545 Apparent
398 492 499 533 rari
523 496 703 534 nantes
725 492 778 533 in
801 491 999 543 gurgite
1018 494 1180 545 vasto,

122 566 275 610 Arma
296 567 477 620 virum,
507 566 810 619 tabulaeque,
840 571 888 609 et
909 566 1056 609 Troia
1079 580 1204 620 gaza
1226 580 1309 622 per
1330 565 1507 610 undas.

121 641 156 685 J
160 658 240 686 am
261 641 486 686 validam
508 641 684 685 Ilionei
706 656 898 694 navem,
929 641 1032 696 jam
1055 642 1202 687 fortis
1225 642 1425 695 Achati,
1612 642 1697 684 190

122 719 187 762 Et
208 733 304 773 qua
325 724 499 763 vectus
522 717 671 773 Abas,
701 724 750 762 et
772 733 868 772 qua
892 717 1206 772 grandaevus
1228 719 1412 772 Aletes,

121 794 254 838 Vicit
277 795 463 851 hiems3
500 795 631 839 laxis
655 794 870 838 laterum
894 795 1218 850 compagibus
1252 809 1421 839 omnes

120 870 386 924 Accipiunt
409 871 666 913 inimicum
688 869 910 924 imbrem,
942 872 1180 925 rimisque
1203 871 1464 915 fatiscunt.

180 946 377 990 Interea
399 961 582 999 magno
604 948 802 990 misceri
827 961 1078 990 murmure
1100 951 1320 1003 pontum,

121 1021 462 1077 Emissamque
485 1023 696 1066 hiemem
720 1025 876 1066 sensit
900 1023 1173 1079 Neptunus,
1202 1031 1251 1066 et
1275 1026 1391 1068 imis
1614 1022 1699 1065 1⁶25

122 1099 315 1154 Stagna
337 1100 506 1143 refusa
531 1098 689 1153 vadis,
720 1100 942 1151 graviter
965 1111 1240 1143 commotus
1260 1114 1269 1155 3
1305 1106 1354 1143 et
1378 1101 1480 1143 alto

122 1173 446 1228 Prospiciens,
479 1188 672 1218 summa
694 1172 949 1227 placidum
971 1179 1119 1228 caput·
1153 1173 1334 1217 extulit
1358 1174 1506 1218 unda.

123 1249 392 1304 D2sjectan1
415 1250 607 1293 Aeneae
630 1254 737 1292 toto
759 1249 895 1294 videt
918 1264 1124 1305 aequore
1145 1251 1367 1305 classem,

122 1325 379 1369 Fluctibus
403 1340 661 1379 oppressos
684 1326 838 1370 Troas
861 1326 1076 1380 caelique
1096 1328 1261 1382 ruina,

121 1402 219 1446 Nec
240 1402 427 1446 latuere
450 1401 550 1445 dol-i
580 1402 789 1447 fratrem
810 1400 1030 1447 Junonis
1050 1404 1100 1446 et
1121 1401 1238 1445 irae.
1614 1403 1699 1445 130

120 1477 308 1521 Eurum
331 1476 393 1521 ad
417 1491 467 1521 se
491 1475 867 1532 Zephyrumque
889 1482 1051 1534 vocat,
1084 1476 1261 1523 dehinc
1283 1479 1411 1522 talia
1436 1480 1454 1521 f
1460 1485 1572 1522 atur
1594 1495 1602 1522 :

129 1555 379 1598 ‘Tantane
401 1568 490 1597 Vos
515 1556 706 1607 generis
730 1557 891 1598 tenuit
914 1554 1100 1598 fiducia
1122 1555 1316 1599 vestri?

119 1629 153 1673 J
158 1645 238 1674 am
260 1630 451 1674 caelum
475 1639 749 1684 terramque
772 1645 878 1674 meo
902 1632 1009 1675 sine
1030 1633 1246 1686 numine,
1278 1631 1443 1685 Venti,

120 1705 336 1759 Miscere,
367 1714 414 1750 et
439 1711 611 1750 tantas
637 1705 831 1750 audetis
854 1707 1027 1751 tollere
1050 1708 1207 1752 moles
1222 1707 1244 1751 i>

120 1781 253 1836 Quos
275 1781 523 1837 ego—Sed
545 1788 706 1827 motos
730 1788 952 1837 praestat
985 1797 1272 1838 componere
1292 1781 1488 1828 fluctus.
1611 1784 1698 1826 135

120 1858 241 1903 Post
263 1858 388 1902 mihi
412 1873 511 1902 non
536 1859 687 1903 simili
711 1873 866 1913 poena
889 1861 1155 1904 commissa
1178 1860 1342 1904 luetis.

120 1935 372 1980 Maturate
394 1935 581 1989 fugam,
612 1937 809 1990 regique
833 1936 954 1980 haec
978 1935 1125 1981 dicite
1146 1941 1311 1981 vestro
1332 1951 1342 1980 ε

120 2013 228 2059 Non
253 2012 328 2055 illi
350 2015 610 2067 imperIum
633 2013 796 2067 pelagi
821 2027 1116 2068 saevumque
1138 2012 1417 2067 tridentem,

120 2087 212 2132 Sed
234 2087 359 2131 mihi
382 2094 515 2132 sorte
537 2087 726 2131 datum.
793 2087 943 2133 Tenet
966 2088 1051 2132 ille
1072 2089 1314 2132 immania
1336 2104 1472 2141 saxa,

122 2163 338 2219 Vestras,
369 2163 511 2220 Eure,
541 2163 742 2219 domos3
781 2164 871 2209 illa
896 2179 946 2209 se
968 2164 1119 2219 jactet
1143 2166 1195 2208 in
1219 2165 1336 2209 aula
1610 2166 1698 2207 140

121 2240 316 2295 Aeolus,
344 2246 392 2284 et
416 2243 587 2285 clauso
610 2247 874 2285 ventorum
899 2256 1092 2285 carcere
1115 2227 1321 2296 regnet.’

183 2315 262 2360 Sic
284 2317 372 2370 ait,
399 2321 447 2360 et
471 2315 606 2359 dicto
628 2317 778 2360 citius
802 2315 995 2360 tumida
1028 2331 1237 2371 aequora
1260 2317 1442 2370 placat,

122 2388 459 2446 Collectasque
482 2392 625 2446 fugat
648 2391 815 2446 nubes,
847 2393 1091 2447 solemque
1113 2391 1319 2435 reducit.
1388 2395 1392 2397 ’

123 2465 398 2518 Cymothoe
420 2469 569 2512 simul
593 2474 639 2513 et
663 2469 836 2512 Triton
861 2469 1072 2514 adnixus
1097 2476 1243 2513 acuto

123 2541 400 2587 Detrudunt
423 2559 576 2589 naves
603 2545 832 2603 scopulo;
870 2546 1002 2590 levat
1027 2547 1130 2600 ipse
1153 2545 1373 2602 tridenti,
1609 2544 1699 2588 145

123 2617 188 2661 Et
210 2623 384 2663 vastas
405 2621 564 2672 aperit
587 2625 762 2676 syrtes,
790 2625 839 2664 et
862 2625 1105 2676 temperat
1129 2635 1321 2676 aequor,
