1961 3047
652 138 904 170 AENElDos
936 139 1034 170 [ΛΒ.
1070 140 1104 171 1.
1604 130 1660 171 ‘223

94 253 160 295 At
184 251 348 296 Venus
371 253 590 295 Ascanio
612 251 859 306 placidam
881 266 964 306 per
986 251 1207 296 membra
1227 255 1436 306 quietem

93 328 294 382 Irrigat,
316 336 365 371 et
390 328 549 370 fotum
572 331 758 380 gremio
781 327 870 371 dea
892 327 1026 370 tollit
1050 330 1102 370 in
1125 329 1255 371 altos

93 403 281 447 Idaliae
301 403 452 456 lucos,
483 403 568 446 ubi
590 405 755 448 mollis
778 418 1038 447 amaracus
1060 403 1202 446 illum

94 479 322 524 Floribus
342 487 391 523 et
413 479 546 522 dulci
568 482 795 534 aspirans
817 476 1157 533 complectitur
1177 480 1365 523 umbra.

155 555 365 610 Jamque
387 555 493 598 ibat
515 556 646 599 dicto
670 571 848 610 parens
868 561 917 600 et
940 555 1070 598 dona
1093 555 1282 609 Cupido
1575 558 1666 597 (395

96 631 252 685 Regia
274 631 506 686 portabat
527 633 710 686 Tyriis,
739 631 862 675 duce
881 631 1041 675 laetus
1064 631 1270 675 Achate.

95 708 218 752 Cum
241 708 390 762 venit,
422 708 608 752 aulaeis
630 707 732 762 jam
755 722 806 752 se
827 710 999 762 regina
1023 708 1242 762 superbis

94 786 257 828 Aurea
279 787 553 838 composuit
577 785 779 839 sponda,
809 784 1112 840 mediamque
1134 785 1331 828 locavit.

94 859 211 904 Jam
233 864 372 914 pater
394 860 585 903 Aeneas
607 865 655 903 et
678 859 782 914 jam
803 859 1020 914 Trojana
1043 860 1276 914 juventus

94 936 420 988 Conveniunt,
451 944 704 990 stratoque
727 951 870 990 super
895 936 1221 980 discumbitur
1244 947 1392 980 ostro.
1579 937 1667 979 700

93 1012 224 1055 Dant
249 1011 427 1055 famuli
451 1012 684 1056 manibus
707 1012 953 1066 lymphas,
985 1013 1300 1067 Cereremque
1321 1015 1556 1057 canistris

93 1087 388 1142 Expediunt,
418 1090 671 1142 tonsisque
692 1087 858 1131 ferunt
881 1088 1119 1131 mantelia
1140 1089 1292 1133 villis.

94 1163 465 1218 Quinquaginta
486 1165 624 1208 intus
647 1164 878 1218 famulae,
909 1164 1086 1218 quibus
1109 1163 1278 1208 ordine
1300 1165 1502 1218 longam

95 1240 224 1285 Cura
245 1255 424 1294 penum
448 1246 649 1295 struere,
678 1246 727 1284 et
749 1239 968 1284 flammis
991 1239 1183 1284 adolere
1206 1241 1416 1285 Penates
1438 1257 1447 1296 ;

95 1316 303 1359 Centum
327 1316 454 1359 aliae
475 1301 777 1370 totidemque
798 1330 940 1369 pares
963 1322 1125 1359 aetate
1148 1318 1377 1371 ministri,
1579 1317 1668 1359 705

95 1391 190 1445 Qui
211 1391 420 1445 dapibus
442 1407 638 1435 mensas
662 1401 863 1434 onerent
887 1398 935 1435 et
956 1392 1130 1445 pocula
1152 1400 1355 1446 ponant.

94 1466 192 1509 Nec
213 1479 312 1509 non
335 1470 384 1510 et
400 1465 538 1519 Tyrii
562 1480 643 1519 per
666 1465 844 1508 limina
866 1465 999 1509 laeta
1022 1466 1298 1520 frequentes

93 1544 386 1600 Convenere,
414 1545 541 1588 toris
562 1543 689 1598 jussi
713 1543 1018 1588 discumbere
1039 1546 1197 1599 pictis,

94 1620 343 1677 Mirantur
366 1619 497 1663 dona
520 1620 727 1674 Aeneae,
758 1621 1005 1663 mirantur
1028 1620 1194 1664 Iulum

95 1697 482 1751 Flagrantesque
504 1695 581 1740 dei
603 1697 776 1741 vultus
800 1697 1128 1751 simulataque
1151 1697 1312 1751 verba,
1578 1698 1668 1741 710

94 1773 383 1827 Pallamque
403 1780 451 1817 et
473 1775 662 1827 pictum
684 1787 853 1816 croceo
876 1773 1098 1817 velamen
1122 1774 1351 1818 acantho.

94 1849 361 1904 Praecipue
381 1849 573 1903 infelix,
601 1850 729 1903 pesti
751 1848 930 1893 devota
955 1848 1166 1904 futurae,

95 1926 295 1980 Expleri
316 1932 526 1970 mentem
551 1927 717 1980 nequit
742 1925 1047 1980 ardescitque
1068 1925 1250 1969 tuendo

93 2003 387 2056 Phoenissa,
405 2010 452 2046 et
478 2004 662 2056 pariter
685 2017 834 2056 puero
858 2001 1094 2056 donisque
1116 2014 1353 2048 movetur.

96 2079 185 2123 Ille
205 2079 290 2122 ubi
311 2079 566 2132 complexu
591 2079 781 2123 Aeneae
803 2079 1020 2133 colloque
1051 2078 1276 2133 pependit
1578 2079 1668 2122 715

96 2156 164 2199 Et
185 2169 422 2208 magnum
445 2155 564 2198 falsi
586 2155 810 2208 implevit
833 2156 1072 2208 genitoris
1094 2169 1320 2205 amorem,

97 2231 340 2285 Reginam
361 2233 498 2285 petit.
569 2229 704 2275 Haec
728 2230 900 2285 oculis,
929 2231 1051 2275 haec
1072 2237 1263 2285 pectore
1284 2236 1390 2274 toto

35 2365 40 2369 y
97 2307 292 2361 Haeret,
320 2312 368 2351 et
389 2304 636 2350 interdum
659 2308 846 2361 gremio
868 2306 1018 2361 fovet,
1047 2307 1206 2351 inscia
1229 2307 1367 2360 Dido,

98 2383 292 2428 Insidat
313 2390 529 2437 quantus
553 2385 759 2427 miserae
781 2382 916 2427 deus.
984 2383 1051 2426 At
1076 2397 1259 2426 memor
1280 2383 1362 2427 ille

99 2460 278 2504 Matris
298 2458 552 2503 Acidaliae
573 2460 818 2513 paulatim
841 2458 1032 2503 abolere
1063 2459 1339 2512 Sychaeum
1579 2460 1668 2503 720

100 2536 294 2590 Incipit,
321 2540 368 2579 et
392 2537 508 2579 vivo
532 2540 743 2590 temptat
765 2541 1070 2590 praevertere
1090 2550 1255 2580 amore

101 2613 136 2657 J
139 2628 217 2656 am
240 2611 423 2666 pridem
445 2612 627 2657 resides
649 2614 842 2658 animos
865 2613 1160 2668 desuetaque
1178 2612 1344 2657 corda.

163 2689 431 2740 Postquam
453 2690 611 2740 prima
631 2691 766 2745 quies
786 2689 960 2742 epulis,
987 2703 1274 2743 mensaeque
1294 2698 1522 2740 remotae,
