1961 3047
350 182 399 220 1Η
850 192 894 227 P.
935 194 1143 228 VERGILI
1177 194 1402 228 MARoxls

343 303 428 347 Est
456 305 603 351 locus.
635 305 926 361 Hesperiam
952 306 1070 351 Grai
1095 311 1386 361 cognomine
1409 308 1594 364 dicunt,
1822 306 1915 353 530

339 381 483 424 Terra
508 385 727 436 antiqua,
758 393 931 437 potens
955 387 1108 428 armis
1133 392 1276 439 atque
1298 385 1442 430 ubere
1464 385 1693 443 glaebae;

341 461 539 501 ()enot1·i
564 459 755 502 coluere
778 462 870 502 viri
893 475 902 515 3
940 474 1071 502 nunc
1096 460 1245 515 fama,
1275 459 1491 506 minores

342 533 538 578 Italiam
563 535 747 579 dixisse
769 535 797 579 (1
809 539 910 580 ucis
934 535 992 581 de
1015 538 1213 581 nomine
1244 547 1455 591 gentem.

341 610 435 652 Hic
459 625 634 655 cursus
659 611 783 655 fuit:

341 687 463 729 Cum
489 687 654 730 subito
677 703 945 742 assurgens
967 687 1124 732 fluctu
1148 689 1405 735 nimbosus
1429 689 1582 735 Orion
1825 691 1916 734 535

342 762 395 804 ln
423 763 551 806 vada
575 778 719 807 caeca
742 764 872 818 tulit,
903 767 1191 820 penitusque
1214 765 1504 820 procacibus
1526 769 1711 810 austris

343 839 525 892 Perque
545 839 720 894 undas,
751 848 1015 894 superante
1037 842 1157 893 salo,
1188 857 1363 896 perque
1384 844 1523 885 invia
1546 858 1670 886 saxa

343 915 556 969 Dis-pulit
577 931 585 971 ;
622 916 718 959 huc
741 919 884 970 pauci
909 920 1092 961 vestris
1115 917 1413 961 adnavimus
1434 920 1550 962 oris.

343 991 479 1044 Quod
503 1007 656 1046 genus
679 993 771 1036 hoc
795 993 1089 1036 hominum?
1123 1009 1307 1049 quaeve
1331 993 1462 1037 hunc
1484 1000 1588 1037 tam
1612 993 1826 1038 barbara

527 1057 711 1112 morein

344 1144 594 1188 Permittit
618 1147 820 1200 patria‘.>
855 1146 1072 1201 hospitio
1094 1146 1412 1201 prohibemur
1431 1147 1645 1191 harenae
1666 1162 1676 1204 ;
1829 1146 1919 1189 540
1955 1153 1961 1219 i

344 1222 479 1265 Bella
502 1224 645 1274 cient,
675 1225 928 1278 primaque
949 1230 1123 1268 vetant
1145 1226 1416 1269 consistere
1437 1231 1582 1269 terra.

345 1298 393 1340 Si
417 1311 571 1350 genus
593 1299 867 1342 humanum
889 1304 938 1342 et
960 1299 1195 1343 mortalia
1218 1301 1441 1344 temnitis
1464 1315 1621 1354 arma,

345 1375 411 1416 At
434 1383 625 1428 sperate
648 1374 761 1420 deos
784 1390 1023 1420 memores
1046 1375 1187 1420 fandi
1210 1384 1355 1431 atque
1376 1375 1596 1420 nefandi.

345 1449 450 1493 Rex
472 1458 579 1493 erat
602 1451 792 1495 Aeneas
815 1451 971 1505 nobis,
1001 1465 1097 1506 quo
1118 1451 1299 1506 justior
1319 1451 1445 1496 alter

346 1526 443 1570 Nec
466 1529 647 1580 pietate
670 1528 766 1571 fuit
790 1542 877 1572 nec
904 1527 1028 1572 bello
1053 1527 1211 1583 major
1234 1534 1281 1572 et
1305 1531 1471 1573 armis.
1831 1527 1933 1570 545⁸

346 1600 499 1654 Quem
522 1605 562 1646 si
587 1602 692 1646 fata
715 1604 880 1646 virum
904 1614 1118 1657 servant,
1150 1605 1192 1647 si
1215 1605 1434 1648 vescitur
1456 1618 1579 1647 aura

348 1678 594 1731 Aetheria,
625 1693 773 1733 neque
796 1679 959 1723 adhuc
982 1678 1261 1724 crudelibus
1283 1678 1492 1722 occubat
1512 1677 1718 1732 umbris,

347 1755 457 1799 Non
479 1763 666 1812 metus3
704 1755 862 1800 officio
886 1771 973 1800 nec
996 1763 1044 1801 te
1066 1766 1281 1801 certasse
1303 1758 1512 1810 priorem

347 1832 622 1876 Paeniteat.
691 1833 815 1876 Sunt
839 1839 886 1877 et
911 1833 1089 1877 Siculis
1110 1831 1394 1886 regionibus
1416 1831 1560 1877 urbes

350 1910 609 1963 Armaque,
635 1908 941 1964 Trojanoque
965 1925 993 1952 a
1016 1912 1261 1963 sanguine
1282 1909 1447 1952 clarus
1469 1909 1689 1952 Acestes.
1832 1905 1923 1949 550

348 1983 650 2038 Quassatam
673 1987 836 2029 ventis
857 1985 1003 2028 liceat
1035 1984 1301 2029 subducere
1319 1984 1541 2039 classem,

347 2059 413 2103 Et
433 2060 577 2105 silvis
598 2069 770 2115 aptare
792 2060 957 2105 trabes
979 2070 1027 2104 et-
1050 2063 1293 2113 stringere
1313 2073 1475 2104 remos
1493 2074 1503 2115 ;

349 2135 398 2178 Si
420 2134 567 2179 datur
590 2135 805 2189 Italiam,
837 2137 988 2180 sociis
1010 2144 1059 2180 et
1081 2150 1192 2189 rege
1212 2142 1419 2189 recepto,

346 2210 574 2263 Tendere,
603 2221 658 2253 ut
682 2211 883 2254 Italiam
905 2211 1025 2255 laeti
1046 2210 1342 2264 Latiumque
1363 2215 1620 2263 petamus;

348 2286 434 2330 Sin
456 2286 718 2341 absumpta
744 2286 893 2341 salus,
921 2294 969 2330 et
993 2293 1053 2341 te,
1083 2293 1223 2341 pater
1246 2287 1427 2339 optime
1447 2285 1701 2338 Teucrum,
1828 2282 1922 2326 555

348 2361 538 2406 Pontus
562 2362 706 2406 habet
731 2362 931 2416 Libyae,
961 2377 1048 2407 nec
1065 2377 1181 2418 ,spes
1203 2361 1302 2415 jam
1326 2366 1483 2405 restat
1505 2360 1617 2412 Iuli,

348 2440 415 2482 At
438 2440 564 2483 freta
587 2440 813 2484 SIcaniae
836 2440 1011 2483 saltem
1035 2439 1264 2494 sedesque
1287 2445 1504 2493 paratas,
1671 2445 1734 2498 (ἧς,

349 2514 490 2560 Unde
510 2515 605 2558 huc
629 2514 839 2570 advecti,
868 2530 1122 2570 regemque
1145 2520 1369 2569 petamus
1392 2514 1638 2558 Acesten.'
1690 2503 1714 2514 ‘⁸

345 2590 548 2635 Talibus
569 2590 814 2643 Ilioneus;
851 2593 1019 2634 cuncti
1043 2590 1191 2634 simul
1215 2605 1295 2633 ore
1319 2588 1594 2634 fremebant

345 2665 675 2711 Dardanidae.
1829 2663 1928 2707 560·

1896 3030 1920 3047 Ξ
1899 2866 1927 3023 west-2„
1927 2822 1929 2840 m
1925 2754 1932 2802 s„
