1961 3047
337 141 397 184 ⁴22
850 158 895 188 Ρ.
934 158 1141 190 viantum
1176 159 1399 191 MAizonis

337 265 572 322 Consilia,
592 274 648 311 ut
672 269 850 313 faciem
876 276 1099 315 mutatus
1119 278 1168 314 et
1192 286 1278 313 ora
1302 270 1492 324 Cupido

337 342 435 385 Pro
456 342 587 386 dulci
610 345 828 389 Ascanio
850 349 1031 400 veniat,
1061 346 1298 401 donisque
1321 347 1564 390 furentem

338 418 577 488 Incendat
597 424 833 476 reginam,
860 432 1005 477 atque
1025 422 1222 466 ossibus
1245 423 1463 476 implicet,
1483 424 1646 477 ignem
1667 440 1675 476 ;
1821 424 1912 467 660

338 494 525 551 Quippe
545 497 744 541 domum
766 500 907 542 timet
932 497 1218 551 ambiguam
1240 498 1512 553 Tyriosque
1533 498 1779 554 bilingues
1800 515 1810 555 ;

342 572 454 616 Urit
476 583 620 616 atrox
644 572 792 626 LTun-0,
821 583 867 617 et
893 573 984 617 sub
1007 580 1200 617 noctem
1224 587 1344 617 cura
1367 581 1608 618 recursat.

339 648 472 702 Ergo
496 648 574 693 his
597 649 839 703 allgerum
863 649 1010 694 dictis
1034 651 1218 693 affatur
1242 651 1472 694 Amorem
1493 665 1504 694 :

347 729 356 747 ‘
373 724 511 777 Nate,
542 739 677 769 meae
692 727 837 780 vires,
870 741 977 770 mea
1000 741 1185 779 magna
1209 728 1430 780 potentia
1456 725 1604 780 solus,

340 800 478 854 Nate,
507 803 664 855 patris
689 804 868 845 summi
893 804 974 856 qui
997 803 1098 846 tela
1120 802 1351 856 Typhoea
1375 804 1571 857 temnis,
1817 801 1917 846 665

339 876 415 920 Ad
438 882 487 920 te
508 878 739 931 confugio
762 886 810 922 et
834 879 1039 932 supplex
1062 884 1150 922 tua
1173 880 1380 921 numina
1404 893 1566 932 poscO.

339 952 514 997 Frater
537 960 591 997 ut
613 954 807 1000 Aeneas
832 955 1004 1009 pelago
1028 961 1145 1000 tuus
1168 957 1335 998 onmia
1357 956 1541 998 circum

340 1029 511 1072 Litora
534 1029 748 1083 jactetur
771 1029 896 1073 odiis
920 1030 1138 1074 Junonis
1163 1032 1369 1084 iniquae,

341 1105 472 1148 Nota
497 1105 602 1160 tibi,
633 1113 682 1149 et.
706 1112 877 1150 nostro
901 1106 1106 1150 doluisti
1130 1121 1272 1160 saepe
1295 1105 1474 1149 dolore.

340 1181 489 1224 Hunc
512 1181 784 1227 Phoenissa
807 1189 939 1226 tenet
962 1181 1088 1226 Dido
1110 1181 1401 1236 blandisque
1424 1188 1648 1226 moratur
1827 1182 1918 1224 670

342 1256 556 1302 Vocibus
577 1273 587 1314 ;
622 1264 672 1303 et
695 1273 878 1312 Vereor,
907 1273 1004 1313 quo
1029 1273 1079 1302 se
1101 1257 1323 1301 Junonia
1346 1263 1547 1301 vertant

340 1334 601 1388 Hospitia3
639 1333 774 1377 haud
797 1342 942 1377 tanto
964 1333 1178 1378 cessabit
1201 1333 1403 1376 cardine
1423 1348 1603 1376 rerum.

340 1410 583 1464 Quocirca
604 1425 774 1465 capere
796 1418 912 1455 ante
934 1410 1061 1455 dolis
1083 1419 1131 1453 et
1155 1412 1349 1463 cingere
1368 1407 1572 1452 flamma

341 1486 585 1538 Reginam
607 1486 828 1540 meditor,
860 1501 921 1530 ne
942 1500 1036 1540 quo
1059 1500 1109 1530 se
1131 1487 1331 1528 numine
1353 1493 1526 1536 mutet,

342 1562 433 1606 Sed
455 1579 635 1617 magno
661 1564 851 1607 Aeneae
875 1577 1062 1606 mecum
1086 1570 1310 1606 teneatur
1333 1575 1511 1604 amore.
1827 1559 1918 1602 675

342 1639 450 1692 Qua
475 1640 631 1683 facere
654 1638 702 1682 id
725 1641 898 1694 possis,
928 1646 1152 1682 nostram
1176 1651 1305 1680 nunc
1331 1639 1497 1691 accipe
1520 1644 1747 1679 mentem.

342 1715 529 1770 Regius
552 1717 713 1760 accitu
736 1717 838 1760 cari
863 1716 1101 1769 genitoris
1125 1713 1187 1758 ad
1209 1714 1379 1758 urbem

342 1793 594 1837 Sidoniam
619 1807 735 1847 puer
757 1794 826 1836 ire
847 1802 1005 1846 parat,
1035 1806 1143 1835 mea
1165 1792 1384 1834 maxima
1406 1804 1539 1844 cura,

343 1870 482 1913 Dona
509 1870 678 1923 ferens,
702 1869 872 1923 pelago
895 1877 943 1912 et
964 1867 1182 1911 fiammis
1206 1865 1665 1920 restantia'l'rojae3

342 1945 489 1989 Hunc
510 1960 600 1999 ego
623 1947 838 1999 sopitum
862 1959 1034 1988 somno
1058 1958 1204 1998 super
1227 1943 1332 1986 alta
1356 1942 1574 1995 Cythera
1827 1940 1918 1982 680

343 2024 444 2066 Aut
465 2037 609 2076 super
633 2021 845 2064 Idalium
864 2026 1063 2064 sacrata
1087 2018 1198 2064 sede
1219 2017 1495 2072 recondam,

342 2099 413 2142 Ne
434 2113 529 2152 qua
555 2099 678 2141 scire
701 2097 840 2141 dolos
863 2096 1114 2140 mediusve
1137 2108 1387 2138 occurrere
1409 2095 1583 2145 possit.

340 2175 410 2217 Tu
437 2175 610 2217 faciem
634 2173 769 2217 illius
793 2182 986 2216 noctem
1010 2185 1108 2214 non
1132 2170 1346 2224 amplius
1368 2184 1522 2212 unam

342 2250 479 2294 Falle
501 2249 627 2305 dolo,
656 2255 703 2293 et
727 2255 871 2293 notos
895 2249 1032 2303 pueri
1055 2261 1172 2302 puer
1196 2245 1342 2290 indue
1363 2246 1548 2298 vultus,

341 2327 426 2382 Ut,
454 2341 567 2369 cum
592 2334 638 2369 te
659 2327 844 2378 gremio
868 2326 1074 2378 accipiet.
1097 2323 1376 2366 laetissima
1399 2321 1526 2365 Dido
1825 2319 1916 2362 685

340 2402 552 2457 Regales
576 2403 702 2445 inter
725 2415 923 2445 mensas
945 2400 1235 2452 laticemque
1258 2398 1495 2452 Lyaeum,

339 2479 463 2524 Cum
485 2477 624 2522 dabit
643 2478 898 2531 amplexus
921 2483 1066 2531 atque
1087 2474 1259 2519 oscula
1282 2473 1446 2516 dulcia
1470 2472 1601 2527 figet,

340 2555 599 2599 Occultum
623 2556 832 2608 inspires
854 2555 1018 2606 ignem
1042 2551 1283 2604 fallasque
1305 2550 1523 2593 veneno.’

340 2631 485 2674 Paret
511 2632 661 2673 Amor
684 2629 833 2673 dictis
854 2643 996 2672 carae
1017 2627 1286 2682 genitricis,
1315 2633 1364 2669 et
1387 2626 1494 2669 alas

339 2708 505 2760 Exuit,
533 2715 582 2749 et
605 2720 776 2760 gressu
799 2704 1021 2758 gaudens
1043 2701 1225 2746 incedit
1248 2701 1358 2745 Iuli.
1822 2698 1914 2740 690
