1961 3047
347 169 396 209 10
849 181 891 213 r.
931 181 1141 214 VERGILI
1177 182 1402 215 MARONJS

342 293 456 338 Inde
479 294 620 348 lupae
645 293 783 336 fulvo
807 296 1019 336 nutricis
1045 296 1259 347 tegmine
1282 295 1443 340 laetus

342 369 578 415 Romulus
598 372 807 424 excipiet
831 363 1114 424 gentem,'et
1138 370 1390 414 Mavortia
1412 371 1590 416 condet

338 446 542 501 Moenia,
574 446 920 501 Romanosque
946 461 1034 490 suo
1058 446 1115 491 de
1137 449 1336 491 nomine
1359 447 1505 492 dicet.

337 522 430 567 His
451 537 540 576 ego
565 537 651 566 nec
675 532 833 567 metas
866 537 1030 567 rerum
1053 537 1140 567 nec
1165 530 1387 578 tempora
1410 537 1567 579 pono;

340 599 601 653 Imperium
625 602 731 643 sine
751 598 848 643 fine
868 593 996 643 de‘di.
1066 598 1194 653 Quin
1219 614 1393 654 aspera
1416 599 1565 654 Juno,

336 674 470 728 Quae
492 690 625 720 mare
648 689 780 718 nunc
804 683 1055 729 terrasque
1077 684 1208 720 metu
1232 676 1516 730 caelumque
1539 677 1738 731 fatigat,

336 751 558 797 Consilia
583 753 631 807 in
657 752 831 796 melius
851 752 1043 806 referet,
1074 766 1360 806 mecumque
1384 751 1574 797 fovebit

339 827 588 872 Romanos
612 843 772 872 rerum
799 827 1025 873 dominos
1047 835 1336 883 gentemque
1356 835 1601 882 togatam.

337 906 414 946 ¹S'ic
436 905 690 959 placitum.
762 904 937 949 Veniet
959 905 1134 949 lustris
1157 904 1438 949 labentibus
1461 914 1614 958 aetas,

337 981 460 1025 Cum
482 980 658 1026 domus
680 982 918 1026 Assaraci
941 981 1183 1025 Phthiam
1204 982 1459 1036 clarasque
1480 981 1717 1036 Mycenas

337 1057 548 1100 Servitio
571 1063 768 1112 premet,
799 1072 855 1102 ac
876 1059 1029 1101 victis
1051 1057 1390 1101 dominabitur
1411 1059 1578 1112 Argis.
1725 1049 1730 1054 ’

287 1161 292 1166 -
338 1133 581 1177 Nascetur
604 1133 817 1188 pulchra
837 1132 1086 1187 Trojanus
1107 1135 1301 1187 origine
1321 1132 1521 1184 Caesar,

338 1210 601 1264 Imperium
627 1209 835 1265 Oceano,
867 1209 1055 1253 famam
1077 1211 1159 1264 qui
1181 1210 1449 1254 terminent
1472 1210 1640 1264 astris,

338 1286 518 1340 Julius,
550 1302 577 1329 a
601 1301 784 1341 magno
808 1285 1076 1331 demissum
1098 1300 1274 1330 nomen
1301 1285 1425 1330 Iulo.

339 1362 485 1405 Hunc
509 1369 564 1405 tu
589 1362 708 1405 olim
731 1362 879 1414 caelo,
911 1363 1083 1417 spoliis
1108 1363 1326 1406 Orientis
1349 1368 1600 1421 onustum,

339 1440 563 1493 Accipies
588 1452 760 1483 secura
783 1454 792 1493 3
829 1437 1091 1491 voc-abitur
1114 1438 1194 1480 hic
1216 1452 1405 1493 quoque
1426 1439 1577 1482 votis.

338 1516 528 1569 Aspera
549 1520 657 1557 tum
680 1515 859 1569 positis
881 1517 1140 1559 mitescent
1163 1513 1359 1558 saecula
1381 1512 1550 1569 bellis;

338 1591 476 1636 Cana
500 1590 660 1645 Fides,
689 1598 736 1634 et
764 1590 925 1645 Vesta,
955 1590 1112 1634 Remo
1134 1604 1245 1633 cum
1268 1589 1424 1633 fratre
1445 1588 1702 1643 Quirinus,

338 1669 464 1712 Jura
488 1668 681 1712 dabunt
701 1683 709 1723 ;
749 1666 886 1712 dirae
911 1668 1040 1712 ferro
1061 1678 1110 1712 et
1133 1666 1455 1722 compagibus
1480 1669 1605 1712 artis

340 1745 643 1791 Claudentur
666 1744 791 1790 Belli
814 1753 984 1800 portae
1005 1760 1013 1797 ;
1051 1744 1210 1788 Furor
1233 1746 1416 1800 impius
1436 1746 1575 1789 intus

340 1824 497 1868 Saeva
519 1822 692 1868 sedens
716 1837 860 1877 super
884 1837 1038 1877 arma,
1064 1828 1114 1867 et
1135 1829 1334 1867 centum
1355 1824 1556 1867 vinctus
1578 1822 1717 1866 aenis

340 1899 462 1944 Post
484 1907 678 1953 tergum
702 1898 860 1951 nodis,
892 1899 1065 1943 fremet
1086 1897 1321 1943 horridus
1343 1912 1424 1942 ore
1444 1897 1686 1942 cruent0.’

399 1975 536 2021 Haec
559 1978 646 2029 ait,
674 1984 722 2020 et
744 1975 881 2019 Maia
904 1977 1127 2030 genitum
1149 1974 1370 2019 demittit
1392 1974 1454 2018 ab
1477 1974 1595 2025 alto,

340 2052 409 2097 Ut
430 2060 601 2107 terrae,
622 2060 780 2109 ,utque
802 2066 961 2096 novae
984 2058 1191 2106 pateant
1213 2050 1551 2105 Karthaginis
1575 2063 1712 2094 arces

337 2127 570 2183 Hospitio
591 2129 805 2181 Teucris,
836 2142 897 2172 ne
921 2128 1016 2171 fati
1037 2130 1206 2172 nescia
1229 2126 1357 2170 Dido

337 2204 546 2250 Finibus
568 2211 766 2250 arceret.
838 2204 989 2247 Volat
1011 2203 1093 2248 ille
1114 2217 1197 2258 per
1219 2217 1333 2246 aera
1365 2216 1601 2256 magnum

337 2282 567 2337 Remigio
590 2282 799 2336 alarum,
832 2295 889 2326 ac
912 2280 1101 2335 Libyae
1123 2283 1253 2324 citus
1277 2281 1445 2324 astitit
1467 2280 1585 2323 oris.

339 2358 402 2401 Et
425 2357 527 2412 jam
548 2357 688 2412 jussa
713 2357 849 2412 facit,
879 2362 1162 2412 ponuntque
1184 2356 1368 2399 ferocia
1389 2354 1543 2398 Poeni

338 2432 500 2478 Corda
521 2432 718 2477 volente
739 2432 828 2476 deo
847 2447 857 2488 ;
895 2433 945 2475 in
969 2432 1145 2487 primis
1166 2432 1339 2485 regina
1360 2431 1579 2484 quietum

337 2510 533 2563 Accipit
555 2510 606 2551 in
627 2508 840 2553 Teucros
863 2509 1087 2552 animum
1109 2513 1418 2561 mentemque
1438 2505 1718 2558 benignam.

395 2585 463 2628 At
485 2585 595 2639 pius
618 2584 822 2637 Aeneas,
852 2597 935 2637 per
956 2590 1150 2627 noctem
1174 2582 1387 2637 plurima
1408 2580 1626 2636 volvens,

339 2661 405 2705 Ut
429 2661 644 2714 primum
664 2659 752 2702 lux
775 2659 908 2703 alma
932 2658 1051 2702 data
1073 2665 1163 2714 est,
1192 2661 1324 2703 exire
1345 2658 1573 2712 locosque

1820 297 1848 340 Ν)

1853 295 1878 339 ..q

1885 297 1910 339 ωε

1821 674 1912 719 280

1825 1055 1914 1100 285

1821 2199 1913 2243 300

1818 2578 1910 2623 305
