1961 3047
597 113 848 147 AENEIDOS
881 114 976 145 LIB.
1019 114 1051 145 Ῑ.

36 226 208 285 Qualis
230 230 279 273 in
305 227 521 272 Eurotae
543 228 664 282 ripis
688 234 773 270 aut
798 242 879 281 per
901 225 1018 280 juga
1042 225 1229 279 Cynthi

35 307 241 350 Exercet
264 305 425 348 Diana
448 307 639 357 choros,
670 319 815 357 quam
840 302 973 345 mille
996 314 1192 346 secutae

1548 103 1604 147 17

1519 305 1607 345 45¹3»

34 382 164 425 Hinc
188 386 335 435 atque
355 380 473 423 hinc
496 380 836 433 glomerantur
860 378 1099 432 Oreades;
1136 378 1224 422 illa
1247 379 1532 432 pharetram

34 456 148 500 Fert
170 468 351 508 umero,
382 454 709 508 gradiensque
731 454 849 497 deas
872 454 1201 506 supereminet
1224 467 1391 498 omnes
1411 470 1419 496 :

34 533 258 576 Latonae
278 532 490 575 tacitum
514 535 846 584 pertemptant
870 528 1052 582 gaudia
1075 534 1246 582 pectus
1266 544 1274 572 :

34 609 169 653 Talis
190 614 298 652 erat
321 605 462 661 Dido,
492 606 643 651 talem
667 621 718 650 se
740 607 873 649 laeta
898 604 1084 648 ferebat

38 684 128 727 Per
150 683 348 738 medios,
377 684 574 726 instans
598 683 729 736 operi
753 682 1010 734 regnisque
1033 680 1230 725 futuris.

35 760 160 803 Tum
181 759 369 803 foribus
391 758 547 813 divae,
577 758 738 802 media
762 756 1009 802 testudine
1031 757 1217 812 templi,

37 836 214 891 Saepta
236 837 401 890 armis,
431 834 648 889 solioque
672 834 770 878 alte
803 833 1014 877 subnixa
1036 832 1232 877 resedit.

37 911 164 955 ‚Jura
184 910 336 955 dabat
357 911 582 965 legesque
603 912 741 965 Viris,
772 924 1062 964 operumque
1083 910 1299 953 laborem

37 987 270 1031 Partibus
292 987 531 1041 aequabat
555 986 719 1041 justis,
752 993 839 1029 aut
863 992 993 1030 sorte
1014 986 1243 1030 trahebat
1266 1001 1275 1029 ε

38 1063 161 1107 Cum
183 1063 345 1108 subito
368 1063 558 1107 Aeneas
581 1077 824 1107 concursu
847 1062 1070 1106 accedere
1091 1077 1273 1116 magno

39 1138 237 1182 Anthea
260 1138 632 1192 Sergestumque
655 1137 789 1181 Videt
812 1137 1080 1191 sortemque
1102 1136 1417 1190 Cloanthum,

37 1214 426 1266 Teucrorumque
450 1213 587 1266 alios,
619 1220 725 1256 ater
747 1226 868 1266 quos
891 1227 1094 1265 aequore
1116 1212 1261 1254 turbo

40 1289 322 1343 Dispulerat
346 1290 637 1342 penitusque
661 1289 786 1332 alias
812 1294 1043 1331 avexerat
1068 1303 1193 1332 oras.

40 1364 296 1419 Obstipuit
319 1364 466 1409 simul
491 1366 594 1418 ipse
617 1365 764 1408 simul
787 1364 1042 1418 perculsus
1064 1365 1281 1408 Achates

39 1440 349 1494 Laetitiaque
369 1444 592 1493 metuque
611 1454 620 1493 ;
658 1438 793 1482 avidi
816 1438 1112 1492 conjungere
1133 1439 1334 1483 dextras

39 1515 293 1560 Ardebant
314 1530 323 1571 ;
361 1515 446 1560 sed
467 1530 544 1559 res
569 1517 762 1558 animos
785 1517 1043 1567 incognita
1065 1515 1252 1560 turbat.

42 1592 387 1645 Dissimulant,
415 1598 463 1635 et
486 1591 611 1635 nube
634 1606 757 1634 cava
781 1591 1099 1645 speculantur
1121 1594 1307 1647 amicti,

43 1666 177 1721 Quae
200 1667 400 1711 fortuna
423 1669 561 1721 Vir1s,
590 1667 798 1711 classem
822 1681 915 1721 quo
938 1667 1081 1711 litore
1102 1667 1344 1722 linquant,

43 1742 172 1797 Quid
194 1745 399 1787 veniant
421 1759 430 1799 3
467 1747 658 1788 cunctis
682 1759 799 1786 nam
822 1743 936 1787 lecti
960 1743 1172 1787 navibus
1194 1745 1348 1796 ibant,

43 1819 254 1864 Orantes
276 1823 484 1875 veniam,
514 1826 562 1863 et
587 1821 823 1874 templum
846 1820 1060 1863 clamore
1080 1820 1326 1874 petebant.

104 1896 374 1951 Postquam
399 1898 689 1950 introgressi
712 1903 760 1939 et
783 1911 949 1939 coram
973 1896 1093 1940 data
1116 1899 1256 1951 copia
1282 1896 1433 1951 fandi,

43 1972 290 2017 Maximus
313 1973 528 2017 Ilioneus
551 1973 745 2027 placido
770 1974 839 2016 sic
862 1979 1054 2026 pectore
1075 1976 1233 2028 coepit
1255 1989 1263 2016 :

51 2053 61 2072 ³
78 2048 117 2092 O
139 2051 324 2102 regina,
355 2063 536 2091 novam
558 2050 637 2090 cui
661 2047 865 2091 condere
887 2047 920 2091 J
926 2049 1117 2102 uppiter
1139 2049 1308 2092 urbem

43 2123 77 2168 J
79 2127 347 2178 ustitiaque
368 2123 497 2167 dedit
522 2131 691 2177 gentes
714 2124 905 2167 frenare
925 2123 1176 2179 superbas,

41 2199 189 2245 Troes
210 2206 258 2245 te
281 2203 462 2254 miseri,
493 2202 657 2245 ventis
680 2202 836 2244 maria
861 2203 1026 2244 omnia
1050 2203 1194 2255 vecti,

44 2275 272 2331 Oramus,
299 2276 501 2332 prohibe
527 2276 759 2321 infandos
783 2293 811 2320 a
834 2276 1048 2321 navibus
1072 2279 1224 2332 ignes,

44 2351 199 2397 Parce
218 2355 297 2407 pio
319 2355 496 2408 generi,
526 2360 573 2396 et
596 2355 796 2407 propius
818 2367 895 2397 res
918 2356 1081 2407 aspice
1102 2359 1320 2397 nostras.

46 2427 153 2471 Non
177 2443 265 2473 nos
287 2435 373 2472 aut
397 2430 524 2473 ferro
547 2428 758 2482 Libycos
782 2429 1013 2483 populare
1034 2429 1244 2474 Penates

46 2502 294 2558 Venimus,
324 2510 409 2547 aut
433 2509 606 2558 raptas
629 2503 691 2548 ad
714 2503 864 2547 litora
888 2511 1076 2549 vertere
1097 2504 1335 2559 praedas;

45 2579 152 2622 Non
175 2594 231 2623 ea
252 2581 330 2623 vis
353 2581 531 2634 animo,
563 2593 648 2623 nec
672 2586 817 2622 tanta
843 2581 1069 2633 superbia
1094 2583 1256 2624 victis.

1521 758 1609 800 5023

1524 1516 1613 1558 515
