1961 3047
328 223 354 265 2
878 236 922 267 P.
961 236 1169 269 mmmm
1203 238 1426 271 MARoms

327 348 619 403 Progeniem
643 349 727 395 sed
749 352 881 394 enim
903 350 1121 405 Trojano
1146 367 1174 394 a
1197 355 1439 406 sanguine
1462 352 1576 396 duci

326 426 584 481 Audierat,
613 427 793 480 Tyrias
816 427 934 470 olim
957 442 1082 481 quae
1103 434 1317 472 verteret
1341 443 1478 474 arces
1498 445 1508 487 ;

327 501 459 545 Hinc
479 503 716 558 populum
740 502 841 546 late
863 516 1027 556 regem
1052 503 1272 558 belloque
1296 505 1560 558 superbum

328 578 604 622 Venturum
624 578 818 623 excidio
840 578 1029 631 Libyae
1048 594 1057 623 ε
1095 582 1166 623 sic
1189 580 1387 624 volvere
1409 580 1611 626 Parcas.

328 653 385 697 Id
407 661 644 709 metuens,
674 656 948 709 veterisque
970 670 1153 699 memor
1177 656 1414 700 Saturnia
1436 657 1565 713 belli,

329 731 497 774 Prima
520 729 651 785 quod
675 729 737 774 ad
757 730 959 785 Trojam
983 746 1071 786 pro
1094 734 1226 777 caris
1249 741 1470 786 gesserat
1493 734 1703 788 Argis—

329 806 548 850 Necdum
570 810 723 851 etiam
742 822 921 852 causae
942 810 1132 852 irarum
1152 811 1381 864 saevique
1399 809 1590 855 dolores

328 881 630 926 Exciderant
655 885 824 926 animo
847 899 855 927 :
894 889 1063 928 manet
1088 884 1193 928 alta
1216 893 1379 929 mente
1399 894 1649 940 repostum
1697 939 1703 946 ⁸

327 957 584 1002 ,Iudicium
607 958 805 1003 Paridis
830 968 1113 1014 spretaeque
1145 959 1331 1015 injuria
1365 961 1567 1017 somnae,

329 1036 394 1079 Et
415 1050 571 1090 genus
592 1037 824 1090 invisum,
855 1042 902 1081 et
928 1039 1060 1091 rapti
1084 1036 1390 1090 Ganymedis
1412 1037 1686 1082 honores—

328 1111 424 1156 His
446 1126 653 1156 accensa
677 1127 835 1166 super,
865 1112 1083 1167 jactatos
1107 1127 1312 1167 aequore
1334 1120 1439 1157 toto

328 1187 497 1238 Troas,
527 1188 761 1242 relssquias
784 1188 1015 1232 Danaum
1038 1198 1184 1243 atque
1205 1191 1413 1234 immitis
1435 1190 1638 1245 Achilli,

330 1263 543 1308 Arcebat
566 1264 712 1316 longe
733 1264 896 1320 Latio,
936 1265 1214 1320 multosque
1235 1281 1318 1320 per
1341 1281 1499 1310 annos

330 1340 594 1394 Errabant,
623 1343 725 1384 acti
749 1341 886 1396 fatis,
915 1344 1075 1385 maria
1098 1344 1266 1386 omnia
1289 1344 1487 1386 circum.

329 1417 521 1460 Tantae
543 1417 689 1462 molis
711 1424 817 1462 erat
840 1417 1127 1461 Romanam
1150 1418 1355 1463 condere
1377 1431 1590 1473 gentem.

394 1492 490 1536 Vix
510 1507 536 1536 e
557 1501 824 1546 conspectu
849 1493 1041 1537 Siculae
1063 1493 1258 1538 telluris
1280 1496 1330 1537 in
1356 1495 1513 1538 altum

330 1567 450 1612 Vela
471 1567 660 1612 dabant
681 1569 814 1624 laeti,
843 1576 891 1612 et
915 1584 1117 1623 spumas
1140 1570 1261 1614 Salis
1283 1585 1392 1613 aere
1418 1571 1637 1625 ruebant,

330 1644 454 1688 Cum
476 1643 625 1698 Juno,
656 1652 911 1689 aeternnm
935 1660 1144 1690 servans
1168 1645 1261 1689 sub
1282 1652 1475 1700 pectore
1495 1647 1691 1699 vulnus,

328 1719 466 1764 Haec
490 1735 658 1765 secum
677 1736 685 1764 :
735 1721 896 1765 ‘Mene
917 1723 1113 1777 incepto
1135 1721 1374 1766 desistere
1394 1723 1597 1776 victam,

329 1797 428 1841 Nec
450 1811 592 1852 posse
614 1796 768 1841 Italia
789 1797 1088 1842 Teucrorum
1111 1808 1330 1842 avertere
1350 1813 1512 1850 regem
1530 1798 1551 1843 ’ἓ

330 1873 516 1929 Quippe
537 1879 677 1918 vetor
699 1874 838 1918 fatis.
906 1874 1142 1920 Pallasne
1162 1889 1363 1919 exurere
1383 1875 1593 1920 classem

330 1952 588 2005 Argivum,
618 1959 764 2005 atque
785 1952 922 2005 ipsos
945 1954 1110 2006 potuit
1135 1951 1442 2005 submergere
1464 1957 1628 2006 ponto,

329 2027 491 2072 Unius
513 2026 575 2071 ob
597 2042 782 2071 noxam
802 2034 851 2072 et
876 2028 1034 2073 furias
1056 2027 1227 2082 Ajacis
1250 2027 1409 2072 Oilei?

328 2103 459 2157 Ipsa,
498 2102 646 2149 «Jovis
669 2103 899 2159 rapidum
922 2103 1146 2159 jaculata
1167 2118 1193 2148 e
1215 2103 1429 2149 nubibus
1451 2106 1628 2159 ignem,

329 2179 628 2234 Dis-iecitque
647 2186 782 2225 rates
804 2183 1074 2234 evertitque
1097 2195 1307 2234 aequora
1331 2182 1507 2235 ventis,

329 2255 478 2299 Ilium
499 2257 840 2311 exspirantem
863 2256 1110 2301 transfixo
1132 2264 1327 2311 pectore
1347 2255 1579 2300 flammas

326 2332 541 2376 Turbine
561 2335 803 2387 corripuit
827 2333 1120 2388 scopuloque
1141 2332 1310 2376 infixit
1342 2338 1506 2377 acuto.

327 2408 422 2453 Ast
443 2421 547 2463 ego,
576 2423 699 2462 quae
722 2408 891 2453 divom
913 2408 1087 2453 incedo
1108 2410 1295 2464 regina,
1325 2407 1359 2452 J
1363 2410 1563 2462 ovisque

327 2484 393 2527 Et
416 2498 555 2529 soror
576 2491 625 2528 et
648 2484 880 2540 conjunx,
910 2501 1011 2529 una
1034 2501 1148 2529 cum
1170 2491 1317 2539 gente
1336 2489 1413 2528 ‘cot
1435 2499 1593 2528 annos

326 2559 465 2603 Bella
486 2573 614 2613 gero.
684 2560 752 2602 Et
773 2562 1035 2615 quisquam
1057 2563 1239 2604 numen
1261 2559 1479 2605 Junonis
1502 2560 1680 2604 adorat

326 2635 602 2689 Praeterea,
630 2642 717 2678 aut
741 2636 948 2691 supplex
970 2638 1072 2680 aris
1094 2638 1312 2690 imponet
1334 2635 1568 2680 honorem
1584 2637 1625 2679 {²⁹

386 2711 529 2757 Talia
550 2709 810 2757 flammato
834 2727 999 2759 secum
1025 2711 1113 2760 dea
1136 2712 1280 2757 corde
1301 2712 1538 2761 volutans

1846 814 1872 854 ¹0

1879 813 1905 855 ωε

1847 1192 1906 1233 30

1848 1950 1906 1993 40
