1961 3047
645 114 897 147 AENfflDos
931 115 1028 146 LIB.
1067 116 1098 146 1.
1599 106 1652 146 153

82 230 362 283 Suspirans‚
391 230 583 281 imoque
605 227 809 271 trahens
832 243 860 270 a
883 233 1078 281 pectore
1098 238 1267 270 vocem
1290 243 1298 271 ε

90 305 154 348 ‘O
178 305 282 358 dea,
312 304 355 348 si
376 305 535 357 prima
558 311 779 357 repetens
803 303 865 346 ab
887 305 1077 356 origine
1098 318 1311 357 pergam,

81 380 147 422 Et-
168 386 311 423 vacet
334 379 539 423 annales
562 388 845 423 nostrorum
869 379 1037 422 audire
1058 379 1297 433 laborum,

82 456 211 499 Ante
233 455 364 499 diem
387 455 556 498 clauso
579 462 840 509 componat
866 455 1047 508 Vesper
1071 454 1298 508 Olympo.

82 531 182 574 Nos
204 530 352 584 Troja
383 531 603 584 antiqua,
633 533 673 574 si
699 537 894 574 vestras
917 529 1043 573 forte
1065 544 1148 584 per
1170 544 1312 573 aures
1564 533 1653 574 315

79 605 255 660 Trojae
277 621 454 650 nomen
476 608 549 657 iit,
580 606 778 649 diversa
799 620 883 659 per
907 620 1115 659 aequora
1137 616 1304 649 vectos

82 682 229 726 Forte
251 697 342 726 sua
365 681 568 734 Libycis
592 688 860 735 tempestas
884 682 1075 735 appulit
1099 684 1212 725 oriS.

81 758 199 801 Sum
222 759 330 812 pius
354 757 558 808 Aeneas,
590 768 761 811 raptos
785 759 867 811 qui
890 772 950 799 ex
974 757 1117 801 hoste
1139 757 1353 802 Penates

81 833 251 877 Classe
272 833 398 877 veho
421 847 624 886 mecum,
654 833 790 876 fama
814 848 957 887 super
980 834 1182 876 aethera
1205 840 1367 877 notus.

81 909 280 952 Italiam
301 924 478 963 quaero
502 911 715 962 patriam
737 914 785 952 et
808 924 962 962 genus
985 909 1046 952 ab
1070 909 1195 952 Jove
1217 925 1423 953 summo.
1563 911 1653 952 380

80 985 166 1029 Bis
189 984 326 1029 denis
349 985 628 1039 Phrygium
651 984 919 1029 conscendi
941 985 1154 1030 navibus
1178 1000 1370 1041 aequor,

80 1061 240 1105 Matre
261 1060 351 1105 dea
374 1068 684 1106 monstrante
705 1063 853 1117 Viam,
885 1061 1006 1105 data
1028 1062 1137 1105 fata
1160 1070 1357 1106 secutus
1380 1078 1388 1116 ;

82 1137 178 1181 Vix
201 1146 385 1191 septem
407 1137 674 1181 convulsae
694 1138 842 1182 undis
865 1138 1089 1192 Euroque
1121 1148 1398 1192 supersunt.

82 1213 191 1267 Ipse
211 1215 424 1267 ignotus,
453 1228 612 1268 egens,
643 1213 830 1266 Libyae
852 1213 1044 1258 deserta
1067 1229 1285 1268 peragro,

81 1289 278 1343 Europa
301 1299 445 1343 atque
469 1290 590 1333 Asia
614 1282 818 1343 pulsus.'
883 1290 981 1333 Nec
1004 1291 1146 1344 plura
1169 1298 1451 1344 querentem
1563 1291 1653 1333 :585

80 1365 237 1409 Passa
264 1364 426 1408 Venus
450 1364 608 1408 medio
633 1367 703 1408 sic
728 1365 968 1408 interfata
992 1365 1158 1409 dolore
1178 1377 1253 1410 est
1276 1382 1286 1410 :

148 1441 410 1497 ‘Quisquis
432 1457 497 1493 es,
528 1441 674 1496 haud,
704 1442 858 1496 credo,
889 1444 1081 1487 invisus
1104 1444 1400 1488 caelestibus
1424 1460 1570 1489 auras

81 1518 269 1562 Vitales
291 1519 468 1572 carpis,
498 1518 704 1571 Tyriam
727 1520 809 1573 qui
833 1518 1088 1563 adveneris
1110 1519 1293 1563 urbem.

78 1595 231 1647 Perge
253 1594 412 1649 modo,
442 1603 587 1649 atque
611 1595 726 1638 hinc
752 1605 800 1639 te
823 1598 1021 1647 reginae
1043 1595 1105 1639 ad
1128 1596 1304 1639 limina
1326 1597 1500 1650 perfer.

79 1670 298 1723 Namque
318 1668 412 1712 tibi
431 1669 630 1714 reduces
654 1671 812 1714 socios
834 1670 1133 1725 classemque
1154 1672 1366 1716 relatam
1562 1674 1650 1715 390

79 1746 282 1798 Nuntio,
311 1752 359 1789 et
382 1748 433 1788 in
455 1752 622 1789 tutum
644 1748 801 1790 versis
824 1746 1136 1800 aquilonibus
1159 1754 1338 1802 aetam,

79 1822 142 1864 Ni
164 1822 353 1865 frustra
376 1825 637 1874 augurium
660 1825 778 1866 Vani
804 1822 1006 1866 docuere
1029 1832 1273 1877 parentes.

78 1898 256 1952 Aspice
275 1897 351 1942 bis
373 1913 515 1942 senos
538 1898 781 1942 laetantes
814 1901 1010 1951 agmine
1033 1914 1230 1954 cycnos,

79 1974 313 2018 Aetheria
333 1988 456 2028 quos
477 1974 618 2029 lapsa
643 1975 792 2029 plaga
815 1974 849 2018 J
853 1977 960 2019 ovis
984 1975 1086 2020 ales
1108 1982 1279 2030 aperto

77 2049 329 2093 Turbabat
350 2050 486 2094 caelo
507 2065 517 2104 ;
554 2065 685 2093 nunc
708 2058 868 2094 terras
892 2050 1062 2095 ordine
1083 2052 1232 2106 longo
1561 2054 1650 2096 395

78 2127 181 2169 Aut
203 2140 386 2180 capere,
417 2133 506 2170 aut
528 2135 702 2181 captas
725 2126 827 2181 jam
849 2126 1130 2182 despectare
1150 2129 1383 2173 videntur
1405 2146 1412 2172 :

80 2201 149 2246 Ut
170 2201 371 2246 reduces
391 2201 465 2244 illi
486 2201 668 2245 ludunt
691 2202 1017 2258 stridentibus
1040 2204 1149 2259 alis,

78 2277 142 2320 Et
163 2284 305 2321 coetu
327 2279 522 2321 cinxere
544 2278 724 2333 polum,
754 2284 1024 2334 cantusque
1048 2280 1233 2334 dedere,

80 2349 226 2394 Haud
247 2351 390 2395 aliter
412 2367 689 2407 puppesque
711 2360 826 2397 tuae
847 2354 1090 2409 pubesque
1110 2364 1309 2399 tuorum

79 2425 180 2468 Aut
201 2434 396 2480 portum
419 2434 565 2482 tenet,
595 2437 683 2472 aut
706 2429 847 2482 pleno
871 2430 1003 2474 subit
1026 2434 1158 2475 ostia
1180 2433 1304 2475 velo.
1559 2433 1648 2474 400

77 2500 231 2554 Perge
250 2501 407 2556 modo,
436 2508 498 2558 et,
526 2519 622 2558 qua
645 2510 693 2548 te
715 2504 849 2548 ducit
872 2508 968 2558 via,
1000 2506 1156 2560 dirige
1176 2522 1398 2560 gressum
1428 2510 1436 2526 '

138 2577 289 2631 Dixit,
313 2586 361 2620 et
385 2584 612 2623 avertens
635 2594 774 2624 rosea
797 2583 984 2625 cervice
1005 2582 1214 2628 refulsit.
