1961 3047
573 143 827 176 AENEIDOS
861 144 959 175 LIB.
998 144 1031 174 Ι.

73 260 199 303 Tum
218 259 431 302 breviter
455 257 594 312 Dido,
625 256 824 300 vultum
847 255 1072 309 demissa,
1103 256 1358 309 profatur:

22 338 30 359 ²
50 335 235 378 Solvite
254 333 399 378 corde
419 343 621 387 metum,
649 332 839 387 Teucri,
867 331 1102 375 secludite
1122 346 1279 375 curas.

12 409 112 454 Res
134 409 262 453 dura
283 419 332 454 et
354 412 494 463 regni
520 411 720 452 novitas
744 423 818 451 me
840 408 966 451 talia
988 417 1172 460 cogunt

13 484 193 540 Moliri,
219 493 269 529 et
290 486 392 529 late
414 485 536 529 fines
557 483 759 528 custode
781 486 920 528 tueri.

14 560 137 615 Quis
159 576 315 615 genus
337 560 636 614 Aeneadum,
665 562 773 614 quis
794 559 969 613 Trojae
989 562 1177 603 nesciat
1202 559 1383 611 urbem,

17 637 333 692 virtutesque
354 639 592 691 virosque,
621 642 708 680 aut
730 638 862 679 tanti
885 635 1108 679 incendia
1132 636 1280 679 belli?

17 713 126 756 Non
148 712 327 756 obtusa
350 713 469 756 adeo
494 716 751 766 gestamus
774 720 972 765 pectora
995 711 1161 765 Poeni,

15 789 113 832 Nec
135 795 240 832 tam
264 803 474 832 aversus·
489 802 637 842 equos
658 788 808 840 Tyria
829 788 909 831 Sol
932 786 1097 840 jungit
1123 787 1182 828 ab
1203 786 1338 829 urbe.

16 864 106 908 Seu
130 879 220 907 vos
242 862 534 917 Hesperiam
559 877 795 917 magnam
823 863 1148 916 Saturniaque
1170 878 1305 916 arva,

15 939 130 983 Sive
148 939 326 991 Erycis
350 938 472 982 fines
498 953 752 992 regemque
785 941 972 992 optatis
996 939 1221 993 Acesten,

15 1014 217 1059 Auxilio
239 1021 378 1059 tutos
401 1014 668 1067 dimittam,
700 1013 966 1068 opibusque
985 1013 1184 1067 juvabo.

15 1090 182 1135 Vultis
200 1096 252 1134 et,
273 1090 354 1134 his
373 1105 563 1134 mecum
589 1092 773 1144 pariter
796 1089 1049 1134 considere
1079 1090 1280 1143 regnis?

16 1167 198 1212 Urbem
221 1182 371 1221 quam
395 1172 581 1219 statuo,
610 1177 778 1209 vestra
800 1172 875 1209 est
894 1181 906 1220 ;
942 1165 1200 1209 subducite
1222 1181 1374 1209 naves
1393 1181 1402 1221 ;

14 1242 138 1286 ΤΙ-03
156 1242 430 1296 Tyriusque
452 1241 575 1284 mihi
598 1242 736 1284 nullo
759 1241 1044 1286 discrimine
1065 1248 1253 1295 agetur.

17 1319 179 1373 Atque
198 1320 395 1362 utinam
416 1333 502 1362 rex
526 1320 627 1372 ipse
649 1318 779 1360 Noto
802 1318 1085 1371 compulsus
1104 1317 1272 1360 eodem

17 1393 205 1437 Afforet
227 1395 418 1438 Aeneas
437 1394 446 1436 !
483 1392 721 1448 Equidem
744 1408 828 1447 per
850 1393 999 1436 litora
1020 1401 1178 1437 certos

17 1469 280 1513 Dimittam
300 1474 349 1512 et
371 1467 560 1520 Libyae
582 1468 797 1511 lustrare
827 1475 1046 1512 extrema
1067 1469 1256 1522 jubebo,

17 1545 70 1590 Si
89 1544 266 1599 quibus
288 1544 474 1598 ejectus
501 1545 643 1588 silvis
667 1550 754 1588 aut
776 1544 980 1589 urbibus
1001 1551 1148 1590 errat.
1162 1547 1171 1565 ⁷

76 1620 176 1664 His
196 1622 419 1664 animum
444 1623 621 1664 arrecti
647 1620 795 1664 dict-is
816 1628 864 1664 et
888 1621 1034 1665 fortis
1054 1621 1273 1666 Achates

20 1696 87 1740 Et
106 1703 244 1751 pater
267 1696 458 1740 Aeneas
482 1695 774 1750 jamdudum
796 1711 1047 1751 erumpere
1067 1697 1243 1741 nubem

19 1771 290 1816 Ardebant.
356 1771 500 1815 Prior
523 1773 724 1815 Aenean
749 1773 1010 1827 compellat
1033 1773 1249 1817 Achates·
1269 1790 1277 1816 :

27 1848 303 1903 ‘Natadea,
331 1841 456 1902 quae
479 1863 612 1891 nunc
636 1851 802 1891 animo
825 1851 1072 1893 sententia
1093 1853 1252 1903 surgit
1272 1850 1293 1891 ἱ)

19 1923 196 1971 Omnia
218 1930 330 1968 tuta
351 1923 505 1977 vides,
533 1925 743 1970 classem
769 1927 1018 1980 sociosque
1038 1932 1270 1980 receptos.

20 1999 163 2046 Unus
185 1999 338 2054 abest,
369 1999 530 2043 medio
556 2002 604 2042 in
627 1999 782 2043 fluctu
807 2016 946 2055 quem
969 1999 1184 2044 vidimus
1206 2003 1299 2054 ipsi

21 2075 364 2132 Submersum3
401 2075 550 2120 dictis
573 2077 869 2130 respondent.
892 2087 1052 2120 cetera
1074 2077 1288 2119 matris.’

22 2150 118 2196 Vix
137 2167 194 2196 ea
218 2152 356 2196 fatus
377 2160 497 2207 erat·⁷
527 2167 640 2195 cum
665 2153 967 2197 circumfusa
990 2160 1186 2207 repente

22 2228 210 2274 Scindit
233 2243 284 2272 se
306 2227 461 2272 nubes
483 2235 531 2271 et
555 2231 604 2270 in
631 2230 833 2272 aethera
857 2238 1037 2283 purgat
1059 2235 1296 2283 apertum.

21 2302 444 2369 Restitit-Aeneas
467 2305 697 2359 claraque
718 2307 769 2347 in
790 2305 898 2349 luce
925 2305 1133 2358 refulsit,

23 2379 92 2425 Os
113 2394 399 2434 umerosque
422 2379 510 2424 deo
535 2381 714 2425 similis
736 2396 746 2436 3
783 2395 992 2436 namque
1013 2384 1121 2436 ipsa
1142 2380 1369 2425 decoram

24 2455 302 2501 Caesar-iem
325 2462 445 2499 nato
469 2459 686 2509 genitrix
707 2456 965 2511 lumenque
986 2457 1218 2512 juventae

23 2531 327 2586 Purpureum
350 2537 398 2575 et
420 2531 577 2576 laetos
600 2531 975 2576 oculis'afflarat
997 2534 1233 2578 honores:

24 2606 181 2662 Quale
199 2622 378 2651 manus
402 2607 593 2651 addunt
615 2608 750 2651 ebori
773 2608 933 2663 decus,
963 2616 1048 2653 aut
1071 2610 1153 2653 ubi
1175 2609 1306 2653 flavo

1529 132 1584 173 10

1500 559 1590 600 565

1502 1697 1593 1740 580

1502 2076 1531 2119 φη

1533 2076 1560 2118 O>

1566 2090 1593 2119 ω
1568 2076 1587 2084 ι

1503 2457 1530 2501 (τι

1535 2457 1596 2501 ἓξέ
